{
  "symbol": "AAPL",
  "annualReports": [
    {
      "fiscalDateEnding": "2024-09-30",
      "reportedCurrency": "USD",
      "grossProfit": "180683000000",
      "totalRevenue": "391035000000",
      "costOfRevenue": "210352000000",
      "costofGoodsAndServicesSold": "210352000000",
      "operatingIncome": "123216000000",
      "sellingGeneralAndAdministrative": "26097000000",
      "researchAndDevelopment": "31370000000",
      "operatingExpenses": "57467000000",
      "investmentIncomeNet": "None",
      "netInterestIncome": "0",
      "interestIncome": "0",
      "interestExpense": "0",
      "nonInterestIncome": "None",
      "otherNonOperatingIncome": "None",
      "depreciation": "None",
      "depreciationAndAmortization": "11445000000",
      "incomeBeforeTax": "123485000000",
      "incomeTaxExpense": "29749000000",
      "interestAndDebtExpense": "None",
      "netIncomeFromContinuingOperations": "93736000000",
      "comprehensiveIncomeNetOfTax": "None",
      "ebit": "123216000000",
      "ebitda": "134661000000",
      "netIncome": "93736000000"
    },
    {
      "fiscalDateEnding": "2023-09-30",
      "reportedCurrency": "USD",
      "grossProfit": "169148000000",
      "totalRevenue": "383285000000",
      "costOfRevenue": "214137000000",
      "costofGoodsAndServicesSold": "214137000000",
      "operatingIncome": "114301000000",
      "sellingGeneralAndAdministrative": "24932000000",
      "researchAndDevelopment": "29915000000",
      "operatingExpenses": "54847000000",
      "investmentIncomeNet": "None",
      "netInterestIncome": "-183000000",
      "interestIncome": "3750000000",
      "interestExpense": "3933000000",
      "nonInterestIncome": "None",
      "otherNonOperatingIncome": "-382000000",
      "depreciation": "None",
      "depreciationAndAmortization": "11519000000",
      "incomeBeforeTax": "113736000000",
      "incomeTaxExpense": "16741000000",
      "interestAndDebtExpense": "None",
      "netIncomeFromContinuingOperations": "96995000000",
      "comprehensiveIncomeNetOfTax": "None",
      "ebit": "114301000000",
      "ebitda": "125820000000",
      "netIncome": "96995000000"
    },
    {
      "fiscalDateEnding": "2022-09-30",
      "reportedCurrency": "USD",
      "grossProfit": "170782000000",
      "totalRevenue": "394328000000",
      "costOfRevenue": "223546000000",
      "costofGoodsAndServicesSold": "223546000000",
      "operatingIncome": "119437000000",
      "sellingGeneralAndAdministrative": "25094000000",
      "researchAndDevelopment": "26251000000",
      "operatingExpenses": "51573000000",
      "investmentIncomeNet": "None",
      "netInterestIncome": "-106000000",
      "interestIncome": "2825000000",
      "interestExpense": "2931000000",
      "nonInterestIncome": "None",
      "otherNonOperatingIncome": "334000000",
      "depreciation": "None",
      "depreciationAndAmortization": "11104000000",
      "incomeBeforeTax": "119103000000",
      "incomeTaxExpense": "19300000000",
      "interestAndDebtExpense": "None",
      "netIncomeFromContinuingOperations": "99803000000",
      "comprehensiveIncomeNetOfTax": "None",
      "ebit": "119437000000",
      "ebitda": "130541000000",
      "netIncome": "99803000000"
    },
    {
      "fiscalDateEnding": "2021-09-30",
      "reportedCurrency": "USD",
      "grossProfit": "152836000000",
      "totalRevenue": "365817000000",
      "costOfRevenue": "212981000000",
      "costofGoodsAndServicesSold": "212981000000",
      "operatingIncome": "108949000000",
      "sellingGeneralAndAdministrative": "21973000000",
      "researchAndDevelopment": "21914000000",
      "operatingExpenses": "43887000000",
      "investmentIncomeNet": "None",
      "netInterestIncome": "198000000",
      "interestIncome": "2843000000",
      "interestExpense": "2645000000",
      "nonInterestIncome": "None",
      "otherNonOperatingIncome": "258000000",
      "depreciation": "None",
      "depreciationAndAmortization": "11284000000",
      "incomeBeforeTax": "109207000000",
      "incomeTaxExpense": "14527000000",
      "interestAndDebtExpense": "None",
      "netIncomeFromContinuingOperations": "94680000000",
      "comprehensiveIncomeNetOfTax": "None",
      "ebit": "111852000000",
      "ebitda": "123136000000",
      "netIncome": "94680000000"
    },
    {
      "fiscalDateEnding": "2020-09-30",
      "reportedCurrency": "USD",
      "grossProfit": "104956000000",
      "totalRevenue": "274515000000",
      "costOfRevenue": "169559000000",
      "costofGoodsAndServicesSold": "169559000000",
      "operatingIncome": "66288000000",
      "sellingGeneralAndAdministrative": "19916000000",
      "researchAndDevelopment": "18752000000",
      "operatingExpenses": "38668000000",
      "investmentIncomeNet": "None",
      "netInterestIncome": "890000000",
      "interestIncome": "3763000000",
      "interestExpense": "2873000000",
      "nonInterestIncome": "None",
      "otherNonOperatingIncome": "803000000",
      "depreciation": "None",
      "depreciationAndAmortization": "11056000000",
      "incomeBeforeTax": "67091000000",
      "incomeTaxExpense": "9680000000",
      "interestAndDebtExpense": "None",
      "netIncomeFromContinuingOperations": "57411000000",
      "comprehensiveIncomeNetOfTax": "None",
      "ebit": "69964000000",
      "ebitda": "81020000000",
      "netIncome": "57411000000"
    },
    {
      "fiscalDateEnding": "2019-09-30",
      "reportedCurrency": "USD",
      "grossProfit": "98392000000",
      "totalRevenue": "260174000000",
      "costOfRevenue": "161782000000",
      "costofGoodsAndServicesSold": "161782000000",
      "operatingIncome": "63930000000",
      "sellingGeneralAndAdministrative": "18245000000",
      "researchAndDevelopment": "16217000000",
      "operatingExpenses": "34462000000",
      "investmentIncomeNet": "None",
      "netInterestIncome": "1385000000",
      "interestIncome": "4961000000",
      "interestExpense": "3576000000",
      "nonInterestIncome": "None",
      "otherNonOperatingIncome": "1807000000",
      "depreciation": "None",
      "depreciationAndAmortization": "12547000000",
      "incomeBeforeTax": "65737000000",
      "incomeTaxExpense": "10481000000",
      "interestAndDebtExpense": "None",
      "netIncomeFromContinuingOperations": "55256000000",
      "comprehensiveIncomeNetOfTax": "None",
      "ebit": "69313000000",
      "ebitda": "81860000000",
      "netIncome": "55256000000"
    },
    {
      "fiscalDateEnding": "2018-09-30",
      "reportedCurrency": "USD",
      "grossProfit": "101839000000",
      "totalRevenue": "265595000000",
      "costOfRevenue": "163756000000",
      "costofGoodsAndServicesSold": "163756000000",
      "operatingIncome": "70898000000",
      "sellingGeneralAndAdministrative": "16705000000",
      "researchAndDevelopment": "14236000000",
      "operatingExpenses": "30941000000",
      "investmentIncomeNet": "None",
      "netInterestIncome": "2446000000",
      "interestIncome": "5686000000",
      "interestExpense": "3240000000",
      "nonInterestIncome": "None",
      "otherNonOperatingIncome": "2005000000",
      "depreciation": "None",
      "depreciationAndAmortization": "10903000000",
      "incomeBeforeTax": "72903000000",
      "incomeTaxExpense": "13372000000",
      "interestAndDebtExpense": "None",
      "netIncomeFromContinuingOperations": "59531000000",
      "comprehensiveIncomeNetOfTax": "None",
      "ebit": "76143000000",
      "ebitda": "87046000000",
      "netIncome": "59531000000"
    },
    {
      "fiscalDateEnding": "2017-09-30",
      "reportedCurrency": "USD",
      "grossProfit": "88186000000",
      "totalRevenue": "229234000000",
      "costOfRevenue": "141048000000",
      "costofGoodsAndServicesSold": "141048000000",
      "operatingIncome": "61344000000",
      "sellingGeneralAndAdministrative": "15261000000",
      "researchAndDevelopment": "11581000000",
      "operatingExpenses": "26842000000",
      "investmentIncomeNet": "None",
      "netInterestIncome": "2878000000",
      "interestIncome": "5201000000",
      "interestExpense": "2323000000",
      "nonInterestIncome": "None",
      "otherNonOperatingIncome": "2745000000",
      "depreciation": "None",
      "depreciationAndAmortization": "9400000000",
      "incomeBeforeTax": "64089000000",
      "incomeTaxExpense": "15738000000",
      "interestAndDebtExpense": "None",
      "netIncomeFromContinuingOperations": "48351000000",
      "comprehensiveIncomeNetOfTax": "None",
      "ebit": "66412000000",
      "ebitda": "75812000000",
      "netIncome": "48351000000"
    },
    {
      "fiscalDateEnding": "2016-09-30",
      "reportedCurrency": "USD",
      "grossProfit": "84263000000",
      "totalRevenue": "215639000000",
      "costOfRevenue": "131376000000",
      "costofGoodsAndServicesSold": "131376000000",
      "operatingIncome": "60024000000",
      "sellingGeneralAndAdministrative": "14194000000",
      "researchAndDevelopment": "10045000000",
      "operatingExpenses": "24239000000",
      "investmentIncomeNet": "None",
      "netInterestIncome": "2543000000",
      "interestIncome": "3999000000",
      "interestExpense": "1456000000",
      "nonInterestIncome": "None",
      "otherNonOperatingIncome": "1348000000",
      "depreciation": "None",
      "depreciationAndAmortization": "9800000000",
      "incomeBeforeTax": "61372000000",
      "incomeTaxExpense": "15685000000",
      "interestAndDebtExpense": "None",
      "netIncomeFromContinuingOperations": "45687000000",
      "comprehensiveIncomeNetOfTax": "None",
      "ebit": "62828000000",
      "ebitda": "72628000000",
      "netIncome": "45687000000"
    },
    {
      "fiscalDateEnding": "2015-09-30",
      "reportedCurrency": "USD",
      "grossProfit": "93626000000",
      "totalRevenue": "233715000000",
      "costOfRevenue": "140089000000",
      "costofGoodsAndServicesSold": "140089000000",
      "operatingIncome": "71230000000",
      "sellingGeneralAndAdministrative": "14329000000",
      "researchAndDevelopment": "8067000000",
      "operatingExpenses": "22396000000",
      "investmentIncomeNet": "None",
      "netInterestIncome": "None",
      "interestIncome": "None",
      "interestExpense": "733000000",
      "nonInterestIncome": "None",
      "otherNonOperatingIncome": "1285000000",
      "depreciation": "None",
      "depreciationAndAmortization": "11257000000",
      "incomeBeforeTax": "72515000000",
      "incomeTaxExpense": "19121000000",
      "interestAndDebtExpense": "None",
      "netIncomeFromContinuingOperations": "53394000000",
      "comprehensiveIncomeNetOfTax": "None",
      "ebit": "72491000000",
      "ebitda": "83748000000",
      "netIncome": "53394000000"
    },
    {
      "fiscalDateEnding": "2014-09-30",
      "reportedCurrency": "USD",
      "grossProfit": "70537000000",
      "totalRevenue": "182795000000",
      "costOfRevenue": "112258000000",
      "costofGoodsAndServicesSold": "112258000000",
      "operatingIncome": "52503000000",
      "sellingGeneralAndAdministrative": "11993000000",
      "researchAndDevelopment": "6041000000",
      "operatingExpenses": "18034000000",
      "investmentIncomeNet": "None",
      "netInterestIncome": "None",
      "interestIncome": "None",
      "interestExpense": "384000000",
      "nonInterestIncome": "None",
      "otherNonOperatingIncome": "980000000",
      "depreciation": "None",
      "depreciationAndAmortization": "7946000000",
      "incomeBeforeTax": "53483000000",
      "incomeTaxExpense": "13973000000",
      "interestAndDebtExpense": "None",
      "netIncomeFromContinuingOperations": "39510000000",
      "comprehensiveIncomeNetOfTax": "None",
      "ebit": "53921000000",
      "ebitda": "61867000000",
      "netIncome": "39510000000"
    },
    {
      "fiscalDateEnding": "2013-09-30",
      "reportedCurrency": "USD",
      "grossProfit": "64304000000",
      "totalRevenue": "170910000000",
      "costOfRevenue": "106606000000",
      "costofGoodsAndServicesSold": "106606000000",
      "operatingIncome": "48999000000",
      "sellingGeneralAndAdministrative": "9730000000",
      "researchAndDevelopment": "4475000000",
      "operatingExpenses": "15305000000",
      "investmentIncomeNet": "None",
      "netInterestIncome": "None",
      "interestIncome": "None",
      "interestExpense": "136000000",
      "nonInterestIncome": "None",
      "otherNonOperatingIncome": "1156000000",
      "depreciation": "None",
      "depreciationAndAmortization": "6757000000",
      "incomeBeforeTax": "50155000000",
      "incomeTaxExpense": "13118000000",
      "interestAndDebtExpense": "None",
      "netIncomeFromContinuingOperations": "37037000000",
      "comprehensiveIncomeNetOfTax": "None",
      "ebit": "50294000000",
      "ebitda": "57051000000",
      "netIncome": "37037000000"
    },
    {
      "fiscalDateEnding": "2012-09-30",
      "reportedCurrency": "USD",
      "grossProfit": "68662000000",
      "totalRevenue": "156508000000",
      "costOfRevenue": "87846000000",
      "costofGoodsAndServicesSold": "87846000000",
      "operatingIncome": "55241000000",
      "sellingGeneralAndAdministrative": "9040000000",
      "researchAndDevelopment": "3381000000",
      "operatingExpenses": "13421000000",
      "investmentIncomeNet": "None",
      "netInterestIncome": "None",
      "interestIncome": "None",
      "interestExpense": "522000000",
      "nonInterestIncome": "None",
      "otherNonOperatingIncome": "522000000",
      "depreciation": "None",
      "depreciationAndAmortization": "3277000000",
      "incomeBeforeTax": "55763000000",
      "incomeTaxExpense": "14030000000",
      "interestAndDebtExpense": "None",
      "netIncomeFromContinuingOperations": "41733000000",
      "comprehensiveIncomeNetOfTax": "None",
      "ebit": "55691000000",
      "ebitda": "58968000000",
      "netIncome": "41733000000"
    },
    {
      "fiscalDateEnding": "2011-09-30",
      "reportedCurrency": "USD",
      "grossProfit": "44522000000",
      "totalRevenue": "108249000000",
      "costOfRevenue": "64431000000",
      "costofGoodsAndServicesSold": "64431000000",
      "operatingIncome": "34494000000",
      "sellingGeneralAndAdministrative": "7599000000",
      "researchAndDevelopment": "2429000000",
      "operatingExpenses": "10028000000",
      "investmentIncomeNet": "None",
      "netInterestIncome": "None",
      "interestIncome": "None",
      "interestExpense": "415000000",
      "nonInterestIncome": "None",
      "otherNonOperatingIncome": "415000000",
      "depreciation": "None",
      "depreciationAndAmortization": "1814000000",
      "incomeBeforeTax": "34205000000",
      "incomeTaxExpense": "8283000000",
      "interestAndDebtExpense": "None",
      "netIncomeFromContinuingOperations": "25922000000",
      "comprehensiveIncomeNetOfTax": "None",
      "ebit": "34183000000",
      "ebitda": "35997000000",
      "netIncome": "25922000000"
    },
    {
      "fiscalDateEnding": "2010-09-30",
      "reportedCurrency": "USD",
      "grossProfit": "25684000000",
      "totalRevenue": "65225000000",
      "costOfRevenue": "39541000000",
      "costofGoodsAndServicesSold": "39541000000",
      "operatingIncome": "18270000000",
      "sellingGeneralAndAdministrative": "5517000000",
      "researchAndDevelopment": "1782000000",
      "operatingExpenses": "7299000000",
      "investmentIncomeNet": "None",
      "netInterestIncome": "None",
      "interestIncome": "None",
      "interestExpense": "155000000",
      "nonInterestIncome": "None",
      "otherNonOperatingIncome": "155000000",
      "depreciation": "None",
      "depreciationAndAmortization": "1027000000",
      "incomeBeforeTax": "18540000000",
      "incomeTaxExpense": "4527000000",
      "interestAndDebtExpense": "None",
      "netIncomeFromContinuingOperations": "14013000000",
      "comprehensiveIncomeNetOfTax": "None",
      "ebit": "18397000000",
      "ebitda": "19424000000",
      "netIncome": "14013000000"
    },
    {
      "fiscalDateEnding": "2009-09-30",
      "reportedCurrency": "USD",
      "grossProfit": "17222000000",
      "totalRevenue": "42905000000",
      "costOfRevenue": "25683000000",
      "costofGoodsAndServicesSold": "25683000000",
      "operatingIncome": "11370000000",
      "sellingGeneralAndAdministrative": "4149000000",
      "researchAndDevelopment": "1333000000",
      "operatingExpenses": "5482000000",
      "investmentIncomeNet": "None",
      "netInterestIncome": "None",
      "interestIncome": "None",
      "interestExpense": "326000000",
      "nonInterestIncome": "None",
      "otherNonOperatingIncome": "326000000",
      "depreciation": "None",
      "depreciationAndAmortization": "734000000",
      "incomeBeforeTax": "12066000000",
      "incomeTaxExpense": "3831000000",
      "interestAndDebtExpense": "None",
      "netIncomeFromContinuingOperations": "8235000000",
      "comprehensiveIncomeNetOfTax": "None",
      "ebit": "11991000000",
      "ebitda": "12725000000",
      "netIncome": "8235000000"
    },
    {
      "fiscalDateEnding": "2008-09-30",
      "reportedCurrency": "USD",
      "grossProfit": "11145000000",
      "totalRevenue": "32479000000",
      "costOfRevenue": "21334000000",
      "costofGoodsAndServicesSold": "21334000000",
      "operatingIncome": "6275000000",
      "sellingGeneralAndAdministrative": "3761000000",
      "researchAndDevelopment": "1109000000",
      "operatingExpenses": "4870000000",
      "investmentIncomeNet": "None",
      "netInterestIncome": "None",
      "interestIncome": "None",
      "interestExpense": "620000000",
      "nonInterestIncome": "None",
      "otherNonOperatingIncome": "None",
      "depreciation": "None",
      "depreciationAndAmortization": "496000000",
      "incomeBeforeTax": "6895000000",
      "incomeTaxExpense": "2061000000",
      "interestAndDebtExpense": "None",
      "netIncomeFromContinuingOperations": "None",
      "comprehensiveIncomeNetOfTax": "None",
      "ebit": "6808000000",
      "ebitda": "7304000000",
      "netIncome": "4834000000"
    },
    {
      "fiscalDateEnding": "2007-09-30",
      "reportedCurrency": "USD",
      "grossProfit": "8154000000",
      "totalRevenue": "24006000000",
      "costOfRevenue": "15852000000",
      "costofGoodsAndServicesSold": "15852000000",
      "operatingIncome": "4409000000",
      "sellingGeneralAndAdministrative": "2963000000",
      "researchAndDevelopment": "782000000",
      "operatingExpenses": "3745000000",
      "investmentIncomeNet": "None",
      "netInterestIncome": "None",
      "interestIncome": "None",
      "interestExpense": "599000000",
      "nonInterestIncome": "None",
      "otherNonOperatingIncome": "None",
      "depreciation": "None",
      "depreciationAndAmortization": "317000000",
      "incomeBeforeTax": "5008000000",
      "incomeTaxExpense": "1512000000",
      "interestAndDebtExpense": "None",
      "netIncomeFromContinuingOperations": "None",
      "comprehensiveIncomeNetOfTax": "None",
      "ebit": "4407000000",
      "ebitda": "4724000000",
      "netIncome": "3495000000"
    },
    {
      "fiscalDateEnding": "2006-09-30",
      "reportedCurrency": "USD",
      "grossProfit": "5598000000",
      "totalRevenue": "19315000000",
      "costOfRevenue": "13717000000",
      "costofGoodsAndServicesSold": "13717000000",
      "operatingIncome": "2453000000",
      "sellingGeneralAndAdministrative": "2433000000",
      "researchAndDevelopment": "712000000",
      "operatingExpenses": "3145000000",
      "investmentIncomeNet": "None",
      "netInterestIncome": "None",
      "interestIncome": "None",
      "interestExpense": "365000000",
      "nonInterestIncome": "None",
      "otherNonOperatingIncome": "None",
      "depreciation": "None",
      "depreciationAndAmortization": "225000000",
      "incomeBeforeTax": "2818000000",
      "incomeTaxExpense": "829000000",
      "interestAndDebtExpense": "None",
      "netIncomeFromContinuingOperations": "None",
      "comprehensiveIncomeNetOfTax": "None",
      "ebit": "2453000000",
      "ebitda": "2678000000",
      "netIncome": "1989000000"
    },
    {
      "fiscalDateEnding": "2005-09-30",
      "reportedCurrency": "USD",
      "grossProfit": "4042000000",
      "totalRevenue": "13931000000",
      "costOfRevenue": "9889000000",
      "costofGoodsAndServicesSold": "9889000000",
      "operatingIncome": "1643000000",
      "sellingGeneralAndAdministrative": "1859000000",
      "researchAndDevelopment": "535000000",
      "operatingExpenses": "2399000000",
      "investmentIncomeNet": "None",
      "netInterestIncome": "None",
      "interestIncome": "None",
      "interestExpense": "165000000",
      "nonInterestIncome": "None",
      "otherNonOperatingIncome": "None",
      "depreciation": "None",
      "depreciationAndAmortization": "179000000",
      "incomeBeforeTax": "1815000000",
      "incomeTaxExpense": "480000000",
      "interestAndDebtExpense": "None",
      "netIncomeFromContinuingOperations": "None",
      "comprehensiveIncomeNetOfTax": "None",
      "ebit": "1643000000",
      "ebitda": "1822000000",
      "netIncome": "1328000000"
    }
  ],
  "quarterlyReports": [
    {
      "fiscalDateEnding": "2025-03-31",
      "reportedCurrency": "USD",
      "grossProfit": "44867000000",
      "totalRevenue": "95359000000",
      "costOfRevenue": "50492000000",
      "costofGoodsAndServicesSold": "50492000000",
      "operatingIncome": "29589000000",
      "sellingGeneralAndAdministrative": "6728000000",
      "researchAndDevelopment": "8550000000",
      "operatingExpenses": "15278000000",
      "investmentIncomeNet": "None",
      "netInterestIncome": "None",
      "interestIncome": "None",
      "interestExpense": "None",
      "nonInterestIncome": "None",
      "otherNonOperatingIncome": "None",
      "depreciation": "None",
      "depreciationAndAmortization": "2661000000",
      "incomeBeforeTax": "29310000000",
      "incomeTaxExpense": "4530000000",
      "interestAndDebtExpense": "None",
      "netIncomeFromContinuingOperations": "24780000000",
      "comprehensiveIncomeNetOfTax": "None",
      "ebit": "29589000000",
      "ebitda": "32250000000",
      "netIncome": "24780000000"
    },
    {
      "fiscalDateEnding": "2024-12-31",
      "reportedCurrency": "USD",
      "grossProfit": "58275000000",
      "totalRevenue": "124300000000",
      "costOfRevenue": "66025000000",
      "costofGoodsAndServicesSold": "66025000000",
      "operatingIncome": "42832000000",
      "sellingGeneralAndAdministrative": "7175000000",
      "researchAndDevelopment": "8268000000",
      "operatingExpenses": "15443000000",
      "investmentIncomeNet": "None",
      "netInterestIncome": "None",
      "interestIncome": "None",
      "interestExpense": "None",
      "nonInterestIncome": "None",
      "otherNonOperatingIncome": "None",
      "depreciation": "None",
      "depreciationAndAmortization": "3080000000",
      "incomeBeforeTax": "42584000000",
      "incomeTaxExpense": "6254000000",
      "interestAndDebtExpense": "None",
      "netIncomeFromContinuingOperations": "36330000000",
      "comprehensiveIncomeNetOfTax": "None",
      "ebit": "42832000000",
      "ebitda": "45912000000",
      "netIncome": "36330000000"
    },
    {
      "fiscalDateEnding": "2024-09-30",
      "reportedCurrency": "USD",
      "grossProfit": "43879000000",
      "totalRevenue": "94930000000",
      "costOfRevenue": "51051000000",
      "costofGoodsAndServicesSold": "51051000000",
      "operatingIncome": "29591000000",
      "sellingGeneralAndAdministrative": "6523000000",
      "researchAndDevelopment": "7765000000",
      "operatingExpenses": "14288000000",
      "investmentIncomeNet": "None",
      "netInterestIncome": "None",
      "interestIncome": "None",
      "interestExpense": "None",
      "nonInterestIncome": "None",
      "otherNonOperatingIncome": "None",
      "depreciation": "None",
      "depreciationAndAmortization": "2911000000",
      "incomeBeforeTax": "29610000000",
      "incomeTaxExpense": "14874000000",
      "interestAndDebtExpense": "None",
      "netIncomeFromContinuingOperations": "14736000000",
      "comprehensiveIncomeNetOfTax": "None",
      "ebit": "29591000000",
      "ebitda": "32502000000",
      "netIncome": "14736000000"
    },
    {
      "fiscalDateEnding": "2024-06-30",
      "reportedCurrency": "USD",
      "grossProfit": "39678000000",
      "totalRevenue": "85777000000",
      "costOfRevenue": "46099000000",
      "costofGoodsAndServicesSold": "46099000000",
      "operatingIncome": "25352000000",
      "sellingGeneralAndAdministrative": "6320000000",
      "researchAndDevelopment": "8006000000",
      "operatingExpenses": "14326000000",
      "investmentIncomeNet": "None",
      "netInterestIncome": "None",
      "interestIncome": "None",
      "interestExpense": "None",
      "nonInterestIncome": "None",
      "otherNonOperatingIncome": "None",
      "depreciation": "None",
      "depreciationAndAmortization": "2850000000",
      "incomeBeforeTax": "25494000000",
      "incomeTaxExpense": "4046000000",
      "interestAndDebtExpense": "None",
      "netIncomeFromContinuingOperations": "21448000000",
      "comprehensiveIncomeNetOfTax": "None",
      "ebit": "25352000000",
      "ebitda": "28202000000",
      "netIncome": "21448000000"
    },
    {
      "fiscalDateEnding": "2024-03-31",
      "reportedCurrency": "USD",
      "grossProfit": "42271000000",
      "totalRevenue": "90753000000",
      "costOfRevenue": "48482000000",
      "costofGoodsAndServicesSold": "48482000000",
      "operatingIncome": "27900000000",
      "sellingGeneralAndAdministrative": "6468000000",
      "researchAndDevelopment": "7903000000",
      "operatingExpenses": "14213000000",
      "investmentIncomeNet": "None",
      "netInterestIncome": "None",
      "interestIncome": "None",
      "interestExpense": "None",
      "nonInterestIncome": "None",
      "otherNonOperatingIncome": "None",
      "depreciation": "None",
      "depreciationAndAmortization": "2836000000",
      "incomeBeforeTax": "28058000000",
      "incomeTaxExpense": "4422000000",
      "interestAndDebtExpense": "None",
      "netIncomeFromContinuingOperations": "23636000000",
      "comprehensiveIncomeNetOfTax": "None",
      "ebit": "27900000000",
      "ebitda": "30736000000",
      "netIncome": "23636000000"
    },
    {
      "fiscalDateEnding": "2023-12-31",
      "reportedCurrency": "USD",
      "grossProfit": "54855000000",
      "totalRevenue": "119575000000",
      "costOfRevenue": "64720000000",
      "costofGoodsAndServicesSold": "64720000000",
      "operatingIncome": "40373000000",
      "sellingGeneralAndAdministrative": "6786000000",
      "researchAndDevelopment": "7696000000",
      "operatingExpenses": "14532000000",
      "investmentIncomeNet": "None",
      "netInterestIncome": "None",
      "interestIncome": "None",
      "interestExpense": "1002000000",
      "nonInterestIncome": "None",
      "otherNonOperatingIncome": "None",
      "depreciation": "None",
      "depreciationAndAmortization": "2848000000",
      "incomeBeforeTax": "40323000000",
      "incomeTaxExpense": "6407000000",
      "interestAndDebtExpense": "None",
      "netIncomeFromContinuingOperations": "33916000000",
      "comprehensiveIncomeNetOfTax": "None",
      "ebit": "40373000000",
      "ebitda": "43221000000",
      "netIncome": "33916000000"
    },
    {
      "fiscalDateEnding": "2023-09-30",
      "reportedCurrency": "USD",
      "grossProfit": "40427000000",
      "totalRevenue": "89498000000",
      "costOfRevenue": "49071000000",
      "costofGoodsAndServicesSold": "49071000000",
      "operatingIncome": "26969000000",
      "sellingGeneralAndAdministrative": "6151000000",
      "researchAndDevelopment": "7307000000",
      "operatingExpenses": "13411000000",
      "investmentIncomeNet": "None",
      "netInterestIncome": "-18000000",
      "interestIncome": "984000000",
      "interestExpense": "1002000000",
      "nonInterestIncome": "None",
      "otherNonOperatingIncome": "565000000",
      "depreciation": "None",
      "depreciationAndAmortization": "2653000000",
      "incomeBeforeTax": "26998000000",
      "incomeTaxExpense": "4042000000",
      "interestAndDebtExpense": "None",
      "netIncomeFromContinuingOperations": "22956000000",
      "comprehensiveIncomeNetOfTax": "None",
      "ebit": "26969000000",
      "ebitda": "29622000000",
      "netIncome": "22956000000"
    },
    {
      "fiscalDateEnding": "2023-06-30",
      "reportedCurrency": "USD",
      "grossProfit": "36413000000",
      "totalRevenue": "81797000000",
      "costOfRevenue": "45384000000",
      "costofGoodsAndServicesSold": "45384000000",
      "operatingIncome": "22998000000",
      "sellingGeneralAndAdministrative": "5973000000",
      "researchAndDevelopment": "7442000000",
      "operatingExpenses": "13415000000",
      "investmentIncomeNet": "None",
      "netInterestIncome": "-18000000",
      "interestIncome": "980000000",
      "interestExpense": "998000000",
      "nonInterestIncome": "None",
      "otherNonOperatingIncome": "-265000000",
      "depreciation": "None",
      "depreciationAndAmortization": "3052000000",
      "incomeBeforeTax": "22733000000",
      "incomeTaxExpense": "2852000000",
      "interestAndDebtExpense": "None",
      "netIncomeFromContinuingOperations": "19881000000",
      "comprehensiveIncomeNetOfTax": "None",
      "ebit": "22998000000",
      "ebitda": "26050000000",
      "netIncome": "19881000000"
    },
    {
      "fiscalDateEnding": "2023-03-31",
      "reportedCurrency": "USD",
      "grossProfit": "41976000000",
      "totalRevenue": "94836000000",
      "costOfRevenue": "52860000000",
      "costofGoodsAndServicesSold": "52860000000",
      "operatingIncome": "28318000000",
      "sellingGeneralAndAdministrative": "6201000000",
      "researchAndDevelopment": "7457000000",
      "operatingExpenses": "13594000000",
      "investmentIncomeNet": "None",
      "netInterestIncome": "-12000000",
      "interestIncome": "918000000",
      "interestExpense": "930000000",
      "nonInterestIncome": "None",
      "otherNonOperatingIncome": "64000000",
      "depreciation": "None",
      "depreciationAndAmortization": "2898000000",
      "incomeBeforeTax": "28382000000",
      "incomeTaxExpense": "4222000000",
      "interestAndDebtExpense": "None",
      "netIncomeFromContinuingOperations": "24160000000",
      "comprehensiveIncomeNetOfTax": "None",
      "ebit": "28318000000",
      "ebitda": "31216000000",
      "netIncome": "24160000000"
    },
    {
      "fiscalDateEnding": "2022-12-31",
      "reportedCurrency": "USD",
      "grossProfit": "50332000000",
      "totalRevenue": "117154000000",
      "costOfRevenue": "66822000000",
      "costofGoodsAndServicesSold": "66822000000",
      "operatingIncome": "36016000000",
      "sellingGeneralAndAdministrative": "6607000000",
      "researchAndDevelopment": "7709000000",
      "operatingExpenses": "14709000000",
      "investmentIncomeNet": "None",
      "netInterestIncome": "-135000000",
      "interestIncome": "868000000",
      "interestExpense": "1003000000",
      "nonInterestIncome": "None",
      "otherNonOperatingIncome": "-393000000",
      "depreciation": "None",
      "depreciationAndAmortization": "2916000000",
      "incomeBeforeTax": "35623000000",
      "incomeTaxExpense": "5625000000",
      "interestAndDebtExpense": "None",
      "netIncomeFromContinuingOperations": "29998000000",
      "comprehensiveIncomeNetOfTax": "None",
      "ebit": "36016000000",
      "ebitda": "38932000000",
      "netIncome": "29998000000"
    },
    {
      "fiscalDateEnding": "2022-09-30",
      "reportedCurrency": "USD",
      "grossProfit": "38095000000",
      "totalRevenue": "90146000000",
      "costOfRevenue": "52051000000",
      "costofGoodsAndServicesSold": "52051000000",
      "operatingIncome": "24894000000",
      "sellingGeneralAndAdministrative": "6440000000",
      "researchAndDevelopment": "6761000000",
      "operatingExpenses": "13201000000",
      "investmentIncomeNet": "None",
      "netInterestIncome": "-74000000",
      "interestIncome": "753000000",
      "interestExpense": "827000000",
      "nonInterestIncome": "None",
      "otherNonOperatingIncome": "237000000",
      "depreciation": "None",
      "depreciationAndAmortization": "2865000000",
      "incomeBeforeTax": "24657000000",
      "incomeTaxExpense": "3936000000",
      "interestAndDebtExpense": "None",
      "netIncomeFromContinuingOperations": "20721000000",
      "comprehensiveIncomeNetOfTax": "None",
      "ebit": "25484000000",
      "ebitda": "28349000000",
      "netIncome": "20721000000"
    },
    {
      "fiscalDateEnding": "2022-06-30",
      "reportedCurrency": "USD",
      "grossProfit": "35885000000",
      "totalRevenue": "82959000000",
      "costOfRevenue": "47074000000",
      "costofGoodsAndServicesSold": "47074000000",
      "operatingIncome": "23076000000",
      "sellingGeneralAndAdministrative": "6012000000",
      "researchAndDevelopment": "6797000000",
      "operatingExpenses": "12809000000",
      "investmentIncomeNet": "None",
      "netInterestIncome": "3000000",
      "interestIncome": "722000000",
      "interestExpense": "719000000",
      "nonInterestIncome": "None",
      "otherNonOperatingIncome": "10000000",
      "depreciation": "None",
      "depreciationAndAmortization": "2805000000",
      "incomeBeforeTax": "23066000000",
      "incomeTaxExpense": "3624000000",
      "interestAndDebtExpense": "None",
      "netIncomeFromContinuingOperations": "19442000000",
      "comprehensiveIncomeNetOfTax": "None",
      "ebit": "23785000000",
      "ebitda": "26590000000",
      "netIncome": "19442000000"
    },
    {
      "fiscalDateEnding": "2022-03-31",
      "reportedCurrency": "USD",
      "grossProfit": "42559000000",
      "totalRevenue": "97278000000",
      "costOfRevenue": "54719000000",
      "costofGoodsAndServicesSold": "54719000000",
      "operatingIncome": "29979000000",
      "sellingGeneralAndAdministrative": "6193000000",
      "researchAndDevelopment": "6387000000",
      "operatingExpenses": "12580000000",
      "investmentIncomeNet": "None",
      "netInterestIncome": "9000000",
      "interestIncome": "700000000",
      "interestExpense": "691000000",
      "nonInterestIncome": "None",
      "otherNonOperatingIncome": "160000000",
      "depreciation": "None",
      "depreciationAndAmortization": "2737000000",
      "incomeBeforeTax": "30139000000",
      "incomeTaxExpense": "5129000000",
      "interestAndDebtExpense": "None",
      "netIncomeFromContinuingOperations": "25010000000",
      "comprehensiveIncomeNetOfTax": "None",
      "ebit": "30830000000",
      "ebitda": "33567000000",
      "netIncome": "25010000000"
    },
    {
      "fiscalDateEnding": "2021-12-31",
      "reportedCurrency": "USD",
      "grossProfit": "54243000000",
      "totalRevenue": "123945000000",
      "costOfRevenue": "69702000000",
      "costofGoodsAndServicesSold": "69702000000",
      "operatingIncome": "41488000000",
      "sellingGeneralAndAdministrative": "6449000000",
      "researchAndDevelopment": "6306000000",
      "operatingExpenses": "12755000000",
      "investmentIncomeNet": "None",
      "netInterestIncome": "-44000000",
      "interestIncome": "650000000",
      "interestExpense": "694000000",
      "nonInterestIncome": "None",
      "otherNonOperatingIncome": "247000000",
      "depreciation": "None",
      "depreciationAndAmortization": "2697000000",
      "incomeBeforeTax": "41241000000",
      "incomeTaxExpense": "6611000000",
      "interestAndDebtExpense": "None",
      "netIncomeFromContinuingOperations": "34630000000",
      "comprehensiveIncomeNetOfTax": "None",
      "ebit": "41935000000",
      "ebitda": "44632000000",
      "netIncome": "34630000000"
    },
    {
      "fiscalDateEnding": "2021-09-30",
      "reportedCurrency": "USD",
      "grossProfit": "35174000000",
      "totalRevenue": "83360000000",
      "costOfRevenue": "48186000000",
      "costofGoodsAndServicesSold": "48186000000",
      "operatingIncome": "23786000000",
      "sellingGeneralAndAdministrative": "5616000000",
      "researchAndDevelopment": "5772000000",
      "operatingExpenses": "11388000000",
      "investmentIncomeNet": "None",
      "netInterestIncome": "-13000000",
      "interestIncome": "659000000",
      "interestExpense": "672000000",
      "nonInterestIncome": "None",
      "otherNonOperatingIncome": "538000000",
      "depreciation": "None",
      "depreciationAndAmortization": "2989000000",
      "incomeBeforeTax": "23248000000",
      "incomeTaxExpense": "2697000000",
      "interestAndDebtExpense": "None",
      "netIncomeFromContinuingOperations": "20551000000",
      "comprehensiveIncomeNetOfTax": "None",
      "ebit": "23920000000",
      "ebitda": "26909000000",
      "netIncome": "20551000000"
    },
    {
      "fiscalDateEnding": "2021-06-30",
      "reportedCurrency": "USD",
      "grossProfit": "35255000000",
      "totalRevenue": "81434000000",
      "costOfRevenue": "46179000000",
      "costofGoodsAndServicesSold": "46179000000",
      "operatingIncome": "24126000000",
      "sellingGeneralAndAdministrative": "5412000000",
      "researchAndDevelopment": "5717000000",
      "operatingExpenses": "11129000000",
      "investmentIncomeNet": "None",
      "netInterestIncome": "54000000",
      "interestIncome": "719000000",
      "interestExpense": "665000000",
      "nonInterestIncome": "None",
      "otherNonOperatingIncome": "243000000",
      "depreciation": "None",
      "depreciationAndAmortization": "2832000000",
      "incomeBeforeTax": "24369000000",
      "incomeTaxExpense": "2625000000",
      "interestAndDebtExpense": "None",
      "netIncomeFromContinuingOperations": "21744000000",
      "comprehensiveIncomeNetOfTax": "None",
      "ebit": "25034000000",
      "ebitda": "27866000000",
      "netIncome": "21744000000"
    },
    {
      "fiscalDateEnding": "2021-03-31",
      "reportedCurrency": "USD",
      "grossProfit": "38079000000",
      "totalRevenue": "89584000000",
      "costOfRevenue": "51505000000",
      "costofGoodsAndServicesSold": "51505000000",
      "operatingIncome": "27503000000",
      "sellingGeneralAndAdministrative": "5314000000",
      "researchAndDevelopment": "5262000000",
      "operatingExpenses": "10576000000",
      "investmentIncomeNet": "None",
      "netInterestIncome": "48000000",
      "interestIncome": "718000000",
      "interestExpense": "670000000",
      "nonInterestIncome": "None",
      "otherNonOperatingIncome": "508000000",
      "depreciation": "None",
      "depreciationAndAmortization": "2797000000",
      "incomeBeforeTax": "28011000000",
      "incomeTaxExpense": "4381000000",
      "interestAndDebtExpense": "None",
      "netIncomeFromContinuingOperations": "23630000000",
      "comprehensiveIncomeNetOfTax": "None",
      "ebit": "28681000000",
      "ebitda": "31478000000",
      "netIncome": "23630000000"
    },
    {
      "fiscalDateEnding": "2020-12-31",
      "reportedCurrency": "USD",
      "grossProfit": "44328000000",
      "totalRevenue": "111439000000",
      "costOfRevenue": "67111000000",
      "costofGoodsAndServicesSold": "67111000000",
      "operatingIncome": "33534000000",
      "sellingGeneralAndAdministrative": "5631000000",
      "researchAndDevelopment": "5163000000",
      "operatingExpenses": "10794000000",
      "investmentIncomeNet": "None",
      "netInterestIncome": "109000000",
      "interestIncome": "747000000",
      "interestExpense": "638000000",
      "nonInterestIncome": "None",
      "otherNonOperatingIncome": "45000000",
      "depreciation": "None",
      "depreciationAndAmortization": "2666000000",
      "incomeBeforeTax": "33579000000",
      "incomeTaxExpense": "4824000000",
      "interestAndDebtExpense": "None",
      "netIncomeFromContinuingOperations": "28755000000",
      "comprehensiveIncomeNetOfTax": "None",
      "ebit": "34217000000",
      "ebitda": "36883000000",
      "netIncome": "28755000000"
    },
    {
      "fiscalDateEnding": "2020-09-30",
      "reportedCurrency": "USD",
      "grossProfit": "24689000000",
      "totalRevenue": "64698000000",
      "costOfRevenue": "40009000000",
      "costofGoodsAndServicesSold": "40009000000",
      "operatingIncome": "14775000000",
      "sellingGeneralAndAdministrative": "4936000000",
      "researchAndDevelopment": "4978000000",
      "operatingExpenses": "9914000000",
      "investmentIncomeNet": "None",
      "netInterestIncome": "134000000",
      "interestIncome": "134000000",
      "interestExpense": "634000000",
      "nonInterestIncome": "None",
      "otherNonOperatingIncome": "126000000",
      "depreciation": "None",
      "depreciationAndAmortization": "2702000000",
      "incomeBeforeTax": "14901000000",
      "incomeTaxExpense": "2228000000",
      "interestAndDebtExpense": "None",
      "netIncomeFromContinuingOperations": "12673000000",
      "comprehensiveIncomeNetOfTax": "None",
      "ebit": "15535000000",
      "ebitda": "18237000000",
      "netIncome": "12673000000"
    },
    {
      "fiscalDateEnding": "2020-06-30",
      "reportedCurrency": "USD",
      "grossProfit": "22680000000",
      "totalRevenue": "59685000000",
      "costOfRevenue": "37005000000",
      "costofGoodsAndServicesSold": "37005000000",
      "operatingIncome": "13091000000",
      "sellingGeneralAndAdministrative": "4831000000",
      "researchAndDevelopment": "4758000000",
      "operatingExpenses": "9589000000",
      "investmentIncomeNet": "None",
      "netInterestIncome": "204000000",
      "interestIncome": "901000000",
      "interestExpense": "697000000",
      "nonInterestIncome": "None",
      "otherNonOperatingIncome": "46000000",
      "depreciation": "None",
      "depreciationAndAmortization": "2752000000",
      "incomeBeforeTax": "13137000000",
      "incomeTaxExpense": "1884000000",
      "interestAndDebtExpense": "None",
      "netIncomeFromContinuingOperations": "11253000000",
      "comprehensiveIncomeNetOfTax": "None",
      "ebit": "13834000000",
      "ebitda": "16586000000",
      "netIncome": "11253000000"
    },
    {
      "fiscalDateEnding": "2020-03-31",
      "reportedCurrency": "USD",
      "grossProfit": "22370000000",
      "totalRevenue": "58313000000",
      "costOfRevenue": "35943000000",
      "costofGoodsAndServicesSold": "35943000000",
      "operatingIncome": "12853000000",
      "sellingGeneralAndAdministrative": "4952000000",
      "researchAndDevelopment": "4565000000",
      "operatingExpenses": "9517000000",
      "investmentIncomeNet": "None",
      "netInterestIncome": "292000000",
      "interestIncome": "1049000000",
      "interestExpense": "757000000",
      "nonInterestIncome": "None",
      "otherNonOperatingIncome": "282000000",
      "depreciation": "None",
      "depreciationAndAmortization": "2786000000",
      "incomeBeforeTax": "13135000000",
      "incomeTaxExpense": "1886000000",
      "interestAndDebtExpense": "None",
      "netIncomeFromContinuingOperations": "11249000000",
      "comprehensiveIncomeNetOfTax": "None",
      "ebit": "13892000000",
      "ebitda": "16678000000",
      "netIncome": "11249000000"
    },
    {
      "fiscalDateEnding": "2019-12-31",
      "reportedCurrency": "USD",
      "grossProfit": "35217000000",
      "totalRevenue": "91819000000",
      "costOfRevenue": "56602000000",
      "costofGoodsAndServicesSold": "56602000000",
      "operatingIncome": "25569000000",
      "sellingGeneralAndAdministrative": "5197000000",
      "researchAndDevelopment": "4451000000",
      "operatingExpenses": "9648000000",
      "investmentIncomeNet": "None",
      "netInterestIncome": "260000000",
      "interestIncome": "1045000000",
      "interestExpense": "785000000",
      "nonInterestIncome": "None",
      "otherNonOperatingIncome": "349000000",
      "depreciation": "None",
      "depreciationAndAmortization": "2816000000",
      "incomeBeforeTax": "25918000000",
      "incomeTaxExpense": "3682000000",
      "interestAndDebtExpense": "None",
      "netIncomeFromContinuingOperations": "22236000000",
      "comprehensiveIncomeNetOfTax": "None",
      "ebit": "26703000000",
      "ebitda": "29519000000",
      "netIncome": "22236000000"
    },
    {
      "fiscalDateEnding": "2019-09-30",
      "reportedCurrency": "USD",
      "grossProfit": "24313000000",
      "totalRevenue": "64040000000",
      "costOfRevenue": "39727000000",
      "costofGoodsAndServicesSold": "39727000000",
      "operatingIncome": "15625000000",
      "sellingGeneralAndAdministrative": "4578000000",
      "researchAndDevelopment": "4110000000",
      "operatingExpenses": "8688000000",
      "investmentIncomeNet": "None",
      "netInterestIncome": "296000000",
      "interestIncome": "1106000000",
      "interestExpense": "810000000",
      "nonInterestIncome": "None",
      "otherNonOperatingIncome": "502000000",
      "depreciation": "None",
      "depreciationAndAmortization": "3179000000",
      "incomeBeforeTax": "16127000000",
      "incomeTaxExpense": "2441000000",
      "interestAndDebtExpense": "None",
      "netIncomeFromContinuingOperations": "13686000000",
      "comprehensiveIncomeNetOfTax": "None",
      "ebit": "15690000000",
      "ebitda": "18869000000",
      "netIncome": "13686000000"
    },
    {
      "fiscalDateEnding": "2019-06-30",
      "reportedCurrency": "USD",
      "grossProfit": "20227000000",
      "totalRevenue": "53809000000",
      "costOfRevenue": "33582000000",
      "costofGoodsAndServicesSold": "33582000000",
      "operatingIncome": "11544000000",
      "sellingGeneralAndAdministrative": "4426000000",
      "researchAndDevelopment": "4257000000",
      "operatingExpenses": "8683000000",
      "investmentIncomeNet": "None",
      "netInterestIncome": "324000000",
      "interestIncome": "1190000000",
      "interestExpense": "866000000",
      "nonInterestIncome": "None",
      "otherNonOperatingIncome": "367000000",
      "depreciation": "None",
      "depreciationAndAmortization": "2933000000",
      "incomeBeforeTax": "11911000000",
      "incomeTaxExpense": "1867000000",
      "interestAndDebtExpense": "None",
      "netIncomeFromContinuingOperations": "10044000000",
      "comprehensiveIncomeNetOfTax": "None",
      "ebit": "12777000000",
      "ebitda": "15710000000",
      "netIncome": "10044000000"
    },
    {
      "fiscalDateEnding": "2019-03-31",
      "reportedCurrency": "USD",
      "grossProfit": "21821000000",
      "totalRevenue": "58015000000",
      "costOfRevenue": "36194000000",
      "costofGoodsAndServicesSold": "36194000000",
      "operatingIncome": "13415000000",
      "sellingGeneralAndAdministrative": "4458000000",
      "researchAndDevelopment": "3948000000",
      "operatingExpenses": "8406000000",
      "investmentIncomeNet": "None",
      "netInterestIncome": "348000000",
      "interestIncome": "1358000000",
      "interestExpense": "1010000000",
      "nonInterestIncome": "None",
      "otherNonOperatingIncome": "378000000",
      "depreciation": "None",
      "depreciationAndAmortization": "3040000000",
      "incomeBeforeTax": "13793000000",
      "incomeTaxExpense": "2232000000",
      "interestAndDebtExpense": "None",
      "netIncomeFromContinuingOperations": "11561000000",
      "comprehensiveIncomeNetOfTax": "None",
      "ebit": "14803000000",
      "ebitda": "17843000000",
      "netIncome": "11561000000"
    },
    {
      "fiscalDateEnding": "2018-12-31",
      "reportedCurrency": "USD",
      "grossProfit": "32031000000",
      "totalRevenue": "84310000000",
      "costOfRevenue": "52279000000",
      "costofGoodsAndServicesSold": "52279000000",
      "operatingIncome": "23346000000",
      "sellingGeneralAndAdministrative": "4783000000",
      "researchAndDevelopment": "3902000000",
      "operatingExpenses": "8685000000",
      "investmentIncomeNet": "None",
      "netInterestIncome": "None",
      "interestIncome": "None",
      "interestExpense": "890000000",
      "nonInterestIncome": "None",
      "otherNonOperatingIncome": "560000000",
      "depreciation": "None",
      "depreciationAndAmortization": "3395000000",
      "incomeBeforeTax": "23906000000",
      "incomeTaxExpense": "3941000000",
      "interestAndDebtExpense": "None",
      "netIncomeFromContinuingOperations": "19965000000",
      "comprehensiveIncomeNetOfTax": "None",
      "ebit": "24796000000",
      "ebitda": "28191000000",
      "netIncome": "19965000000"
    },
    {
      "fiscalDateEnding": "2018-09-30",
      "reportedCurrency": "USD",
      "grossProfit": "24084000000",
      "totalRevenue": "62900000000",
      "costOfRevenue": "38816000000",
      "costofGoodsAndServicesSold": "38816000000",
      "operatingIncome": "16118000000",
      "sellingGeneralAndAdministrative": "4216000000",
      "researchAndDevelopment": "3750000000",
      "operatingExpenses": "7966000000",
      "investmentIncomeNet": "None",
      "netInterestIncome": "None",
      "interestIncome": "None",
      "interestExpense": "868000000",
      "nonInterestIncome": "None",
      "otherNonOperatingIncome": "303000000",
      "depreciation": "None",
      "depreciationAndAmortization": "2754000000",
      "incomeBeforeTax": "16421000000",
      "incomeTaxExpense": "2296000000",
      "interestAndDebtExpense": "None",
      "netIncomeFromContinuingOperations": "14125000000",
      "comprehensiveIncomeNetOfTax": "None",
      "ebit": "17289000000",
      "ebitda": "20043000000",
      "netIncome": "14125000000"
    },
    {
      "fiscalDateEnding": "2018-06-30",
      "reportedCurrency": "USD",
      "grossProfit": "20421000000",
      "totalRevenue": "53265000000",
      "costOfRevenue": "32844000000",
      "costofGoodsAndServicesSold": "32844000000",
      "operatingIncome": "12612000000",
      "sellingGeneralAndAdministrative": "4108000000",
      "researchAndDevelopment": "3701000000",
      "operatingExpenses": "7809000000",
      "investmentIncomeNet": "None",
      "netInterestIncome": "None",
      "interestIncome": "None",
      "interestExpense": "846000000",
      "nonInterestIncome": "None",
      "otherNonOperatingIncome": "672000000",
      "depreciation": "None",
      "depreciationAndAmortization": "2665000000",
      "incomeBeforeTax": "13284000000",
      "incomeTaxExpense": "1765000000",
      "interestAndDebtExpense": "None",
      "netIncomeFromContinuingOperations": "11519000000",
      "comprehensiveIncomeNetOfTax": "None",
      "ebit": "12612000000",
      "ebitda": "15277000000",
      "netIncome": "11519000000"
    },
    {
      "fiscalDateEnding": "2018-03-31",
      "reportedCurrency": "USD",
      "grossProfit": "23422000000",
      "totalRevenue": "61137000000",
      "costOfRevenue": "37715000000",
      "costofGoodsAndServicesSold": "37715000000",
      "operatingIncome": "15894000000",
      "sellingGeneralAndAdministrative": "4150000000",
      "researchAndDevelopment": "3378000000",
      "operatingExpenses": "7528000000",
      "investmentIncomeNet": "None",
      "netInterestIncome": "None",
      "interestIncome": "None",
      "interestExpense": "792000000",
      "nonInterestIncome": "None",
      "otherNonOperatingIncome": "274000000",
      "depreciation": "None",
      "depreciationAndAmortization": "2739000000",
      "incomeBeforeTax": "16168000000",
      "incomeTaxExpense": "2346000000",
      "interestAndDebtExpense": "None",
      "netIncomeFromContinuingOperations": "13822000000",
      "comprehensiveIncomeNetOfTax": "None",
      "ebit": "16960000000",
      "ebitda": "19699000000",
      "netIncome": "13822000000"
    },
    {
      "fiscalDateEnding": "2017-12-31",
      "reportedCurrency": "USD",
      "grossProfit": "33912000000",
      "totalRevenue": "88293000000",
      "costOfRevenue": "54381000000",
      "costofGoodsAndServicesSold": "54381000000",
      "operatingIncome": "26274000000",
      "sellingGeneralAndAdministrative": "4231000000",
      "researchAndDevelopment": "3407000000",
      "operatingExpenses": "7638000000",
      "investmentIncomeNet": "None",
      "netInterestIncome": "None",
      "interestIncome": "None",
      "interestExpense": "734000000",
      "nonInterestIncome": "None",
      "otherNonOperatingIncome": "756000000",
      "depreciation": "None",
      "depreciationAndAmortization": "2745000000",
      "incomeBeforeTax": "27030000000",
      "incomeTaxExpense": "6965000000",
      "interestAndDebtExpense": "None",
      "netIncomeFromContinuingOperations": "20065000000",
      "comprehensiveIncomeNetOfTax": "None",
      "ebit": "26274000000",
      "ebitda": "29019000000",
      "netIncome": "20065000000"
    },
    {
      "fiscalDateEnding": "2017-09-30",
      "reportedCurrency": "USD",
      "grossProfit": "19931000000",
      "totalRevenue": "52579000000",
      "costOfRevenue": "32648000000",
      "costofGoodsAndServicesSold": "32648000000",
      "operatingIncome": "13120000000",
      "sellingGeneralAndAdministrative": "3814000000",
      "researchAndDevelopment": "2997000000",
      "operatingExpenses": "6811000000",
      "investmentIncomeNet": "None",
      "netInterestIncome": "None",
      "interestIncome": "None",
      "interestExpense": "666000000",
      "nonInterestIncome": "None",
      "otherNonOperatingIncome": "797000000",
      "depreciation": "None",
      "depreciationAndAmortization": "2484000000",
      "incomeBeforeTax": "13917000000",
      "incomeTaxExpense": "3203000000",
      "interestAndDebtExpense": "None",
      "netIncomeFromContinuingOperations": "10714000000",
      "comprehensiveIncomeNetOfTax": "None",
      "ebit": "14583000000",
      "ebitda": "17067000000",
      "netIncome": "10714000000"
    },
    {
      "fiscalDateEnding": "2017-06-30",
      "reportedCurrency": "USD",
      "grossProfit": "17488000000",
      "totalRevenue": "45408000000",
      "costOfRevenue": "27920000000",
      "costofGoodsAndServicesSold": "27920000000",
      "operatingIncome": "10768000000",
      "sellingGeneralAndAdministrative": "3783000000",
      "researchAndDevelopment": "2937000000",
      "operatingExpenses": "6720000000",
      "investmentIncomeNet": "None",
      "netInterestIncome": "None",
      "interestIncome": "None",
      "interestExpense": "602000000",
      "nonInterestIncome": "None",
      "otherNonOperatingIncome": "540000000",
      "depreciation": "None",
      "depreciationAndAmortization": "2354000000",
      "incomeBeforeTax": "11308000000",
      "incomeTaxExpense": "2591000000",
      "interestAndDebtExpense": "None",
      "netIncomeFromContinuingOperations": "8717000000",
      "comprehensiveIncomeNetOfTax": "None",
      "ebit": "10768000000",
      "ebitda": "13122000000",
      "netIncome": "8717000000"
    },
    {
      "fiscalDateEnding": "2017-03-31",
      "reportedCurrency": "USD",
      "grossProfit": "20591000000",
      "totalRevenue": "52896000000",
      "costOfRevenue": "32305000000",
      "costofGoodsAndServicesSold": "32305000000",
      "operatingIncome": "14097000000",
      "sellingGeneralAndAdministrative": "3718000000",
      "researchAndDevelopment": "2776000000",
      "operatingExpenses": "6494000000",
      "investmentIncomeNet": "None",
      "netInterestIncome": "None",
      "interestIncome": "None",
      "interestExpense": "530000000",
      "nonInterestIncome": "None",
      "otherNonOperatingIncome": "587000000",
      "depreciation": "None",
      "depreciationAndAmortization": "2332000000",
      "incomeBeforeTax": "14684000000",
      "incomeTaxExpense": "3655000000",
      "interestAndDebtExpense": "None",
      "netIncomeFromContinuingOperations": "11029000000",
      "comprehensiveIncomeNetOfTax": "None",
      "ebit": "14097000000",
      "ebitda": "16429000000",
      "netIncome": "11029000000"
    },
    {
      "fiscalDateEnding": "2016-12-31",
      "reportedCurrency": "USD",
      "grossProfit": "30176000000",
      "totalRevenue": "78351000000",
      "costOfRevenue": "48175000000",
      "costofGoodsAndServicesSold": "48175000000",
      "operatingIncome": "23359000000",
      "sellingGeneralAndAdministrative": "3946000000",
      "researchAndDevelopment": "2871000000",
      "operatingExpenses": "6817000000",
      "investmentIncomeNet": "None",
      "netInterestIncome": "None",
      "interestIncome": "None",
      "interestExpense": "525000000",
      "nonInterestIncome": "None",
      "otherNonOperatingIncome": "821000000",
      "depreciation": "None",
      "depreciationAndAmortization": "2987000000",
      "incomeBeforeTax": "24180000000",
      "incomeTaxExpense": "6289000000",
      "interestAndDebtExpense": "None",
      "netIncomeFromContinuingOperations": "17891000000",
      "comprehensiveIncomeNetOfTax": "None",
      "ebit": "23359000000",
      "ebitda": "26346000000",
      "netIncome": "17891000000"
    },
    {
      "fiscalDateEnding": "2016-09-30",
      "reportedCurrency": "USD",
      "grossProfit": "17813000000",
      "totalRevenue": "46852000000",
      "costOfRevenue": "29039000000",
      "costofGoodsAndServicesSold": "29039000000",
      "operatingIncome": "11761000000",
      "sellingGeneralAndAdministrative": "3482000000",
      "researchAndDevelopment": "2570000000",
      "operatingExpenses": "6052000000",
      "investmentIncomeNet": "None",
      "netInterestIncome": "None",
      "interestIncome": "None",
      "interestExpense": "450000000",
      "nonInterestIncome": "None",
      "otherNonOperatingIncome": "427000000",
      "depreciation": "None",
      "depreciationAndAmortization": "2548000000",
      "incomeBeforeTax": "12188000000",
      "incomeTaxExpense": "3174000000",
      "interestAndDebtExpense": "None",
      "netIncomeFromContinuingOperations": "9014000000",
      "comprehensiveIncomeNetOfTax": "None",
      "ebit": "12638000000",
      "ebitda": "15186000000",
      "netIncome": "9014000000"
    },
    {
      "fiscalDateEnding": "2016-06-30",
      "reportedCurrency": "USD",
      "grossProfit": "16106000000",
      "totalRevenue": "42358000000",
      "costOfRevenue": "26252000000",
      "costofGoodsAndServicesSold": "26252000000",
      "operatingIncome": "10105000000",
      "sellingGeneralAndAdministrative": "3441000000",
      "researchAndDevelopment": "2560000000",
      "operatingExpenses": "6001000000",
      "investmentIncomeNet": "None",
      "netInterestIncome": "None",
      "interestIncome": "None",
      "interestExpense": "409000000",
      "nonInterestIncome": "None",
      "otherNonOperatingIncome": "364000000",
      "depreciation": "None",
      "depreciationAndAmortization": "2526000000",
      "incomeBeforeTax": "10469000000",
      "incomeTaxExpense": "2673000000",
      "interestAndDebtExpense": "None",
      "netIncomeFromContinuingOperations": "7796000000",
      "comprehensiveIncomeNetOfTax": "None",
      "ebit": "10105000000",
      "ebitda": "12631000000",
      "netIncome": "7796000000"
    },
    {
      "fiscalDateEnding": "2016-03-31",
      "reportedCurrency": "USD",
      "grossProfit": "19921000000",
      "totalRevenue": "50557000000",
      "costOfRevenue": "30636000000",
      "costofGoodsAndServicesSold": "30636000000",
      "operatingIncome": "13987000000",
      "sellingGeneralAndAdministrative": "3423000000",
      "researchAndDevelopment": "2511000000",
      "operatingExpenses": "5934000000",
      "investmentIncomeNet": "None",
      "netInterestIncome": "None",
      "interestIncome": "None",
      "interestExpense": "321000000",
      "nonInterestIncome": "None",
      "otherNonOperatingIncome": "155000000",
      "depreciation": "None",
      "depreciationAndAmortization": "2477000000",
      "incomeBeforeTax": "14142000000",
      "incomeTaxExpense": "3626000000",
      "interestAndDebtExpense": "None",
      "netIncomeFromContinuingOperations": "10516000000",
      "comprehensiveIncomeNetOfTax": "None",
      "ebit": "13987000000",
      "ebitda": "16464000000",
      "netIncome": "10516000000"
    },
    {
      "fiscalDateEnding": "2015-12-31",
      "reportedCurrency": "USD",
      "grossProfit": "30423000000",
      "totalRevenue": "75872000000",
      "costOfRevenue": "45449000000",
      "costofGoodsAndServicesSold": "45449000000",
      "operatingIncome": "24171000000",
      "sellingGeneralAndAdministrative": "3848000000",
      "researchAndDevelopment": "2404000000",
      "operatingExpenses": "6252000000",
      "investmentIncomeNet": "None",
      "netInterestIncome": "None",
      "interestIncome": "None",
      "interestExpense": "276000000",
      "nonInterestIncome": "None",
      "otherNonOperatingIncome": "402000000",
      "depreciation": "None",
      "depreciationAndAmortization": "2954000000",
      "incomeBeforeTax": "24573000000",
      "incomeTaxExpense": "6212000000",
      "interestAndDebtExpense": "None",
      "netIncomeFromContinuingOperations": "18361000000",
      "comprehensiveIncomeNetOfTax": "None",
      "ebit": "24171000000",
      "ebitda": "27125000000",
      "netIncome": "18361000000"
    },
    {
      "fiscalDateEnding": "2015-09-30",
      "reportedCurrency": "USD",
      "grossProfit": "20548000000",
      "totalRevenue": "51501000000",
      "costOfRevenue": "30953000000",
      "costofGoodsAndServicesSold": "30953000000",
      "operatingIncome": "14623000000",
      "sellingGeneralAndAdministrative": "3705000000",
      "researchAndDevelopment": "2220000000",
      "operatingExpenses": "5925000000",
      "investmentIncomeNet": "None",
      "netInterestIncome": "None",
      "interestIncome": "None",
      "interestExpense": "238000000",
      "nonInterestIncome": "None",
      "otherNonOperatingIncome": "439000000",
      "depreciation": "None",
      "depreciationAndAmortization": "3119000000",
      "incomeBeforeTax": "15062000000",
      "incomeTaxExpense": "3938000000",
      "interestAndDebtExpense": "None",
      "netIncomeFromContinuingOperations": "11124000000",
      "comprehensiveIncomeNetOfTax": "None",
      "ebit": "14623000000",
      "ebitda": "17742000000",
      "netIncome": "11124000000"
    },
    {
      "fiscalDateEnding": "2015-06-30",
      "reportedCurrency": "USD",
      "grossProfit": "19681000000",
      "totalRevenue": "49605000000",
      "costOfRevenue": "29924000000",
      "costofGoodsAndServicesSold": "29924000000",
      "operatingIncome": "14083000000",
      "sellingGeneralAndAdministrative": "3564000000",
      "researchAndDevelopment": "2034000000",
      "operatingExpenses": "5598000000",
      "investmentIncomeNet": "None",
      "netInterestIncome": "None",
      "interestIncome": "None",
      "interestExpense": "201000000",
      "nonInterestIncome": "None",
      "otherNonOperatingIncome": "390000000",
      "depreciation": "None",
      "depreciationAndAmortization": "3084000000",
      "incomeBeforeTax": "14473000000",
      "incomeTaxExpense": "3796000000",
      "interestAndDebtExpense": "None",
      "netIncomeFromContinuingOperations": "10677000000",
      "comprehensiveIncomeNetOfTax": "None",
      "ebit": "14083000000",
      "ebitda": "17167000000",
      "netIncome": "10677000000"
    },
    {
      "fiscalDateEnding": "2015-03-31",
      "reportedCurrency": "USD",
      "grossProfit": "23656000000",
      "totalRevenue": "58010000000",
      "costOfRevenue": "34354000000",
      "costofGoodsAndServicesSold": "34354000000",
      "operatingIncome": "18278000000",
      "sellingGeneralAndAdministrative": "3460000000",
      "researchAndDevelopment": "1918000000",
      "operatingExpenses": "5378000000",
      "investmentIncomeNet": "None",
      "netInterestIncome": "None",
      "interestIncome": "None",
      "interestExpense": "163000000",
      "nonInterestIncome": "None",
      "otherNonOperatingIncome": "286000000",
      "depreciation": "None",
      "depreciationAndAmortization": "2479000000",
      "incomeBeforeTax": "18564000000",
      "incomeTaxExpense": "4995000000",
      "interestAndDebtExpense": "None",
      "netIncomeFromContinuingOperations": "13569000000",
      "comprehensiveIncomeNetOfTax": "None",
      "ebit": "18278000000",
      "ebitda": "20757000000",
      "netIncome": "13569000000"
    },
    {
      "fiscalDateEnding": "2014-12-31",
      "reportedCurrency": "USD",
      "grossProfit": "29741000000",
      "totalRevenue": "74599000000",
      "costOfRevenue": "44858000000",
      "costofGoodsAndServicesSold": "44858000000",
      "operatingIncome": "24246000000",
      "sellingGeneralAndAdministrative": "3600000000",
      "researchAndDevelopment": "1895000000",
      "operatingExpenses": "5495000000",
      "investmentIncomeNet": "None",
      "netInterestIncome": "None",
      "interestIncome": "None",
      "interestExpense": "131000000",
      "nonInterestIncome": "None",
      "otherNonOperatingIncome": "170000000",
      "depreciation": "None",
      "depreciationAndAmortization": "2575000000",
      "incomeBeforeTax": "24416000000",
      "incomeTaxExpense": "6392000000",
      "interestAndDebtExpense": "None",
      "netIncomeFromContinuingOperations": "18024000000",
      "comprehensiveIncomeNetOfTax": "None",
      "ebit": "24246000000",
      "ebitda": "26821000000",
      "netIncome": "18024000000"
    },
    {
      "fiscalDateEnding": "2014-09-30",
      "reportedCurrency": "USD",
      "grossProfit": "16009000000",
      "totalRevenue": "42123000000",
      "costOfRevenue": "26114000000",
      "costofGoodsAndServicesSold": "26114000000",
      "operatingIncome": "11165000000",
      "sellingGeneralAndAdministrative": "1958000000",
      "researchAndDevelopment": "1686000000",
      "operatingExpenses": "4844000000",
      "investmentIncomeNet": "None",
      "netInterestIncome": "None",
      "interestIncome": "None",
      "interestExpense": "115000000",
      "nonInterestIncome": "None",
      "otherNonOperatingIncome": "307000000",
      "depreciation": "None",
      "depreciationAndAmortization": "1969000000",
      "incomeBeforeTax": "11472000000",
      "incomeTaxExpense": "3005000000",
      "interestAndDebtExpense": "None",
      "netIncomeFromContinuingOperations": "8467000000",
      "comprehensiveIncomeNetOfTax": "None",
      "ebit": "11165000000",
      "ebitda": "13134000000",
      "netIncome": "8467000000"
    },
    {
      "fiscalDateEnding": "2014-06-30",
      "reportedCurrency": "USD",
      "grossProfit": "14735000000",
      "totalRevenue": "37432000000",
      "costOfRevenue": "22697000000",
      "costofGoodsAndServicesSold": "22697000000",
      "operatingIncome": "10282000000",
      "sellingGeneralAndAdministrative": "2850000000",
      "researchAndDevelopment": "1603000000",
      "operatingExpenses": "4453000000",
      "investmentIncomeNet": "None",
      "netInterestIncome": "None",
      "interestIncome": "None",
      "interestExpense": "100000000",
      "nonInterestIncome": "None",
      "otherNonOperatingIncome": "202000000",
      "depreciation": "None",
      "depreciationAndAmortization": "1946000000",
      "incomeBeforeTax": "10484000000",
      "incomeTaxExpense": "2736000000",
      "interestAndDebtExpense": "None",
      "netIncomeFromContinuingOperations": "7748000000",
      "comprehensiveIncomeNetOfTax": "None",
      "ebit": "10282000000",
      "ebitda": "12228000000",
      "netIncome": "7748000000"
    },
    {
      "fiscalDateEnding": "2014-03-31",
      "reportedCurrency": "USD",
      "grossProfit": "17947000000",
      "totalRevenue": "45646000000",
      "costOfRevenue": "27699000000",
      "costofGoodsAndServicesSold": "27699000000",
      "operatingIncome": "13593000000",
      "sellingGeneralAndAdministrative": "2932000000",
      "researchAndDevelopment": "1422000000",
      "operatingExpenses": "4354000000",
      "investmentIncomeNet": "None",
      "netInterestIncome": "None",
      "interestIncome": "None",
      "interestExpense": "85000000",
      "nonInterestIncome": "None",
      "otherNonOperatingIncome": "225000000",
      "depreciation": "None",
      "depreciationAndAmortization": "1887000000",
      "incomeBeforeTax": "13818000000",
      "incomeTaxExpense": "3595000000",
      "interestAndDebtExpense": "None",
      "netIncomeFromContinuingOperations": "10223000000",
      "comprehensiveIncomeNetOfTax": "None",
      "ebit": "13593000000",
      "ebitda": "15480000000",
      "netIncome": "10223000000"
    },
    {
      "fiscalDateEnding": "2013-12-31",
      "reportedCurrency": "USD",
      "grossProfit": "21846000000",
      "totalRevenue": "57594000000",
      "costOfRevenue": "35748000000",
      "costofGoodsAndServicesSold": "35748000000",
      "operatingIncome": "17463000000",
      "sellingGeneralAndAdministrative": "3053000000",
      "researchAndDevelopment": "1330000000",
      "operatingExpenses": "4383000000",
      "investmentIncomeNet": "None",
      "netInterestIncome": "None",
      "interestIncome": "None",
      "interestExpense": "84000000",
      "nonInterestIncome": "None",
      "otherNonOperatingIncome": "246000000",
      "depreciation": "None",
      "depreciationAndAmortization": "2144000000",
      "incomeBeforeTax": "17709000000",
      "incomeTaxExpense": "4637000000",
      "interestAndDebtExpense": "None",
      "netIncomeFromContinuingOperations": "13072000000",
      "comprehensiveIncomeNetOfTax": "None",
      "ebit": "17463000000",
      "ebitda": "19607000000",
      "netIncome": "13072000000"
    },
    {
      "fiscalDateEnding": "2013-09-30",
      "reportedCurrency": "USD",
      "grossProfit": "13871000000",
      "totalRevenue": "37472000000",
      "costOfRevenue": "23601000000",
      "costofGoodsAndServicesSold": "23601000000",
      "operatingIncome": "10030000000",
      "sellingGeneralAndAdministrative": "1573000000",
      "researchAndDevelopment": "1168000000",
      "operatingExpenses": "3841000000",
      "investmentIncomeNet": "None",
      "netInterestIncome": "None",
      "interestIncome": "None",
      "interestExpense": "83000000",
      "nonInterestIncome": "None",
      "otherNonOperatingIncome": "113000000",
      "depreciation": "None",
      "depreciationAndAmortization": "1783000000",
      "incomeBeforeTax": "10143000000",
      "incomeTaxExpense": "2631000000",
      "interestAndDebtExpense": "None",
      "netIncomeFromContinuingOperations": "7512000000",
      "comprehensiveIncomeNetOfTax": "None",
      "ebit": "10030000000",
      "ebitda": "11813000000",
      "netIncome": "7512000000"
    },
    {
      "fiscalDateEnding": "2013-06-30",
      "reportedCurrency": "USD",
      "grossProfit": "13024000000",
      "totalRevenue": "35323000000",
      "costOfRevenue": "22299000000",
      "costofGoodsAndServicesSold": "22299000000",
      "operatingIncome": "9201000000",
      "sellingGeneralAndAdministrative": "2645000000",
      "researchAndDevelopment": "1178000000",
      "operatingExpenses": "3823000000",
      "investmentIncomeNet": "None",
      "netInterestIncome": "None",
      "interestIncome": "None",
      "interestExpense": "53000000",
      "nonInterestIncome": "None",
      "otherNonOperatingIncome": "234000000",
      "depreciation": "None",
      "depreciationAndAmortization": "1694000000",
      "incomeBeforeTax": "9435000000",
      "incomeTaxExpense": "2535000000",
      "interestAndDebtExpense": "None",
      "netIncomeFromContinuingOperations": "6900000000",
      "comprehensiveIncomeNetOfTax": "None",
      "ebit": "9488000000",
      "ebitda": "11182000000",
      "netIncome": "6900000000"
    },
    {
      "fiscalDateEnding": "2013-03-31",
      "reportedCurrency": "USD",
      "grossProfit": "16349000000",
      "totalRevenue": "43603000000",
      "costOfRevenue": "27254000000",
      "costofGoodsAndServicesSold": "27254000000",
      "operatingIncome": "12558000000",
      "sellingGeneralAndAdministrative": "2672000000",
      "researchAndDevelopment": "1119000000",
      "operatingExpenses": "3791000000",
      "investmentIncomeNet": "None",
      "netInterestIncome": "None",
      "interestIncome": "None",
      "interestExpense": "347000000",
      "nonInterestIncome": "None",
      "otherNonOperatingIncome": "347000000",
      "depreciation": "None",
      "depreciationAndAmortization": "1692000000",
      "incomeBeforeTax": "12905000000",
      "incomeTaxExpense": "3358000000",
      "interestAndDebtExpense": "None",
      "netIncomeFromContinuingOperations": "9547000000",
      "comprehensiveIncomeNetOfTax": "None",
      "ebit": "12905000000",
      "ebitda": "14597000000",
      "netIncome": "9547000000"
    },
    {
      "fiscalDateEnding": "2012-12-31",
      "reportedCurrency": "USD",
      "grossProfit": "21060000000",
      "totalRevenue": "54512000000",
      "costOfRevenue": "33452000000",
      "costofGoodsAndServicesSold": "33452000000",
      "operatingIncome": "17210000000",
      "sellingGeneralAndAdministrative": "2840000000",
      "researchAndDevelopment": "1010000000",
      "operatingExpenses": "3850000000",
      "investmentIncomeNet": "None",
      "netInterestIncome": "None",
      "interestIncome": "None",
      "interestExpense": "462000000",
      "nonInterestIncome": "None",
      "otherNonOperatingIncome": "462000000",
      "depreciation": "None",
      "depreciationAndAmortization": "1588000000",
      "incomeBeforeTax": "17672000000",
      "incomeTaxExpense": "4594000000",
      "interestAndDebtExpense": "None",
      "netIncomeFromContinuingOperations": "13078000000",
      "comprehensiveIncomeNetOfTax": "None",
      "ebit": "17672000000",
      "ebitda": "19260000000",
      "netIncome": "13078000000"
    },
    {
      "fiscalDateEnding": "2012-09-30",
      "reportedCurrency": "USD",
      "grossProfit": "14401000000",
      "totalRevenue": "35966000000",
      "costOfRevenue": "21565000000",
      "costofGoodsAndServicesSold": "21565000000",
      "operatingIncome": "10944000000",
      "sellingGeneralAndAdministrative": "1551000000",
      "researchAndDevelopment": "906000000",
      "operatingExpenses": "3457000000",
      "investmentIncomeNet": "None",
      "netInterestIncome": "None",
      "interestIncome": "None",
      "interestExpense": "51000000",
      "nonInterestIncome": "None",
      "otherNonOperatingIncome": "-51000000",
      "depreciation": "None",
      "depreciationAndAmortization": "981000000",
      "incomeBeforeTax": "10893000000",
      "incomeTaxExpense": "2670000000",
      "interestAndDebtExpense": "None",
      "netIncomeFromContinuingOperations": "8223000000",
      "comprehensiveIncomeNetOfTax": "None",
      "ebit": "10944000000",
      "ebitda": "11925000000",
      "netIncome": "8223000000"
    },
    {
      "fiscalDateEnding": "2012-06-30",
      "reportedCurrency": "USD",
      "grossProfit": "14994000000",
      "totalRevenue": "35023000000",
      "costOfRevenue": "20029000000",
      "costofGoodsAndServicesSold": "20029000000",
      "operatingIncome": "11573000000",
      "sellingGeneralAndAdministrative": "2545000000",
      "researchAndDevelopment": "876000000",
      "operatingExpenses": "3421000000",
      "investmentIncomeNet": "None",
      "netInterestIncome": "None",
      "interestIncome": "None",
      "interestExpense": "288000000",
      "nonInterestIncome": "None",
      "otherNonOperatingIncome": "288000000",
      "depreciation": "None",
      "depreciationAndAmortization": "835000000",
      "incomeBeforeTax": "11861000000",
      "incomeTaxExpense": "3037000000",
      "interestAndDebtExpense": "None",
      "netIncomeFromContinuingOperations": "8824000000",
      "comprehensiveIncomeNetOfTax": "None",
      "ebit": "11861000000",
      "ebitda": "12696000000",
      "netIncome": "8824000000"
    },
    {
      "fiscalDateEnding": "2012-03-31",
      "reportedCurrency": "USD",
      "grossProfit": "18564000000",
      "totalRevenue": "39186000000",
      "costOfRevenue": "20622000000",
      "costofGoodsAndServicesSold": "20622000000",
      "operatingIncome": "15384000000",
      "sellingGeneralAndAdministrative": "2339000000",
      "researchAndDevelopment": "841000000",
      "operatingExpenses": "3180000000",
      "investmentIncomeNet": "None",
      "netInterestIncome": "None",
      "interestIncome": "None",
      "interestExpense": "148000000",
      "nonInterestIncome": "None",
      "otherNonOperatingIncome": "148000000",
      "depreciation": "None",
      "depreciationAndAmortization": "740000000",
      "incomeBeforeTax": "15532000000",
      "incomeTaxExpense": "3910000000",
      "interestAndDebtExpense": "None",
      "netIncomeFromContinuingOperations": "11622000000",
      "comprehensiveIncomeNetOfTax": "None",
      "ebit": "15384000000",
      "ebitda": "16124000000",
      "netIncome": "11622000000"
    },
    {
      "fiscalDateEnding": "2011-12-31",
      "reportedCurrency": "USD",
      "grossProfit": "20703000000",
      "totalRevenue": "46333000000",
      "costOfRevenue": "25630000000",
      "costofGoodsAndServicesSold": "25630000000",
      "operatingIncome": "17340000000",
      "sellingGeneralAndAdministrative": "2605000000",
      "researchAndDevelopment": "758000000",
      "operatingExpenses": "3363000000",
      "investmentIncomeNet": "None",
      "netInterestIncome": "None",
      "interestIncome": "None",
      "interestExpense": "137000000",
      "nonInterestIncome": "None",
      "otherNonOperatingIncome": "137000000",
      "depreciation": "None",
      "depreciationAndAmortization": "721000000",
      "incomeBeforeTax": "17477000000",
      "incomeTaxExpense": "4413000000",
      "interestAndDebtExpense": "None",
      "netIncomeFromContinuingOperations": "13064000000",
      "comprehensiveIncomeNetOfTax": "None",
      "ebit": "17340000000",
      "ebitda": "18061000000",
      "netIncome": "13064000000"
    },
    {
      "fiscalDateEnding": "2011-09-30",
      "reportedCurrency": "USD",
      "grossProfit": "11380000000",
      "totalRevenue": "28270000000",
      "costOfRevenue": "16890000000",
      "costofGoodsAndServicesSold": "16890000000",
      "operatingIncome": "8710000000",
      "sellingGeneralAndAdministrative": "2025000000",
      "researchAndDevelopment": "645000000",
      "operatingExpenses": "2670000000",
      "investmentIncomeNet": "None",
      "netInterestIncome": "None",
      "interestIncome": "None",
      "interestExpense": "81000000",
      "nonInterestIncome": "None",
      "otherNonOperatingIncome": "81000000",
      "depreciation": "None",
      "depreciationAndAmortization": "543000000",
      "incomeBeforeTax": "8791000000",
      "incomeTaxExpense": "2168000000",
      "interestAndDebtExpense": "None",
      "netIncomeFromContinuingOperations": "6623000000",
      "comprehensiveIncomeNetOfTax": "None",
      "ebit": "8710000000",
      "ebitda": "9253000000",
      "netIncome": "6623000000"
    },
    {
      "fiscalDateEnding": "2011-06-30",
      "reportedCurrency": "USD",
      "grossProfit": "11922000000",
      "totalRevenue": "28571000000",
      "costOfRevenue": "16649000000",
      "costofGoodsAndServicesSold": "16649000000",
      "operatingIncome": "9379000000",
      "sellingGeneralAndAdministrative": "1915000000",
      "researchAndDevelopment": "628000000",
      "operatingExpenses": "2543000000",
      "investmentIncomeNet": "None",
      "netInterestIncome": "None",
      "interestIncome": "None",
      "interestExpense": "172000000",
      "nonInterestIncome": "None",
      "otherNonOperatingIncome": "172000000",
      "depreciation": "None",
      "depreciationAndAmortization": "481000000",
      "incomeBeforeTax": "9551000000",
      "incomeTaxExpense": "2243000000",
      "interestAndDebtExpense": "None",
      "netIncomeFromContinuingOperations": "7308000000",
      "comprehensiveIncomeNetOfTax": "None",
      "ebit": "9379000000",
      "ebitda": "9860000000",
      "netIncome": "7308000000"
    },
    {
      "fiscalDateEnding": "2011-03-31",
      "reportedCurrency": "USD",
      "grossProfit": "10218000000",
      "totalRevenue": "24667000000",
      "costOfRevenue": "14449000000",
      "costofGoodsAndServicesSold": "14449000000",
      "operatingIncome": "7874000000",
      "sellingGeneralAndAdministrative": "1763000000",
      "researchAndDevelopment": "581000000",
      "operatingExpenses": "2344000000",
      "investmentIncomeNet": "None",
      "netInterestIncome": "None",
      "interestIncome": "None",
      "interestExpense": "26000000",
      "nonInterestIncome": "None",
      "otherNonOperatingIncome": "26000000",
      "depreciation": "None",
      "depreciationAndAmortization": "434000000",
      "incomeBeforeTax": "7900000000",
      "incomeTaxExpense": "1913000000",
      "interestAndDebtExpense": "None",
      "netIncomeFromContinuingOperations": "5987000000",
      "comprehensiveIncomeNetOfTax": "None",
      "ebit": "7874000000",
      "ebitda": "8308000000",
      "netIncome": "5987000000"
    },
    {
      "fiscalDateEnding": "2010-12-31",
      "reportedCurrency": "USD",
      "grossProfit": "10298000000",
      "totalRevenue": "26741000000",
      "costOfRevenue": "16443000000",
      "costofGoodsAndServicesSold": "16443000000",
      "operatingIncome": "7827000000",
      "sellingGeneralAndAdministrative": "1896000000",
      "researchAndDevelopment": "575000000",
      "operatingExpenses": "2471000000",
      "investmentIncomeNet": "None",
      "netInterestIncome": "None",
      "interestIncome": "None",
      "interestExpense": "136000000",
      "nonInterestIncome": "None",
      "otherNonOperatingIncome": "136000000",
      "depreciation": "None",
      "depreciationAndAmortization": "356000000",
      "incomeBeforeTax": "7963000000",
      "incomeTaxExpense": "1959000000",
      "interestAndDebtExpense": "None",
      "netIncomeFromContinuingOperations": "6004000000",
      "comprehensiveIncomeNetOfTax": "None",
      "ebit": "7827000000",
      "ebitda": "8183000000",
      "netIncome": "6004000000"
    },
    {
      "fiscalDateEnding": "2010-09-30",
      "reportedCurrency": "USD",
      "grossProfit": "7512000000",
      "totalRevenue": "20343000000",
      "costOfRevenue": "12831000000",
      "costofGoodsAndServicesSold": "12831000000",
      "operatingIncome": "5447000000",
      "sellingGeneralAndAdministrative": "1571000000",
      "researchAndDevelopment": "494000000",
      "operatingExpenses": "2065000000",
      "investmentIncomeNet": "None",
      "netInterestIncome": "None",
      "interestIncome": "None",
      "interestExpense": "14000000",
      "nonInterestIncome": "None",
      "otherNonOperatingIncome": "14000000",
      "depreciation": "None",
      "depreciationAndAmortization": "329000000",
      "incomeBeforeTax": "5461000000",
      "incomeTaxExpense": "1153000000",
      "interestAndDebtExpense": "None",
      "netIncomeFromContinuingOperations": "4308000000",
      "comprehensiveIncomeNetOfTax": "None",
      "ebit": "5447000000",
      "ebitda": "5776000000",
      "netIncome": "4308000000"
    },
    {
      "fiscalDateEnding": "2010-06-30",
      "reportedCurrency": "USD",
      "grossProfit": "6136000000",
      "totalRevenue": "15700000000",
      "costOfRevenue": "9564000000",
      "costofGoodsAndServicesSold": "9564000000",
      "operatingIncome": "4234000000",
      "sellingGeneralAndAdministrative": "1438000000",
      "researchAndDevelopment": "464000000",
      "operatingExpenses": "1902000000",
      "investmentIncomeNet": "None",
      "netInterestIncome": "None",
      "interestIncome": "None",
      "interestExpense": "58000000",
      "nonInterestIncome": "None",
      "otherNonOperatingIncome": "58000000",
      "depreciation": "None",
      "depreciationAndAmortization": "273000000",
      "incomeBeforeTax": "4292000000",
      "incomeTaxExpense": "1039000000",
      "interestAndDebtExpense": "None",
      "netIncomeFromContinuingOperations": "3253000000",
      "comprehensiveIncomeNetOfTax": "None",
      "ebit": "4234000000",
      "ebitda": "4507000000",
      "netIncome": "3253000000"
    },
    {
      "fiscalDateEnding": "2010-03-31",
      "reportedCurrency": "USD",
      "grossProfit": "5625000000",
      "totalRevenue": "13499000000",
      "costOfRevenue": "7874000000",
      "costofGoodsAndServicesSold": "7874000000",
      "operatingIncome": "3979000000",
      "sellingGeneralAndAdministrative": "1220000000",
      "researchAndDevelopment": "426000000",
      "operatingExpenses": "1646000000",
      "investmentIncomeNet": "None",
      "netInterestIncome": "None",
      "interestIncome": "None",
      "interestExpense": "266000000",
      "nonInterestIncome": "None",
      "otherNonOperatingIncome": "50000000",
      "depreciation": "None",
      "depreciationAndAmortization": "216000000",
      "incomeBeforeTax": "4029000000",
      "incomeTaxExpense": "955000000",
      "interestAndDebtExpense": "None",
      "netIncomeFromContinuingOperations": "3074000000",
      "comprehensiveIncomeNetOfTax": "None",
      "ebit": "3979000000",
      "ebitda": "4195000000",
      "netIncome": "3074000000"
    },
    {
      "fiscalDateEnding": "2009-12-31",
      "reportedCurrency": "USD",
      "grossProfit": "6411000000",
      "totalRevenue": "15683000000",
      "costOfRevenue": "9272000000",
      "costofGoodsAndServicesSold": "9272000000",
      "operatingIncome": "4725000000",
      "sellingGeneralAndAdministrative": "1288000000",
      "researchAndDevelopment": "398000000",
      "operatingExpenses": "1686000000",
      "investmentIncomeNet": "None",
      "netInterestIncome": "None",
      "interestIncome": "None",
      "interestExpense": "33000000",
      "nonInterestIncome": "None",
      "otherNonOperatingIncome": "33000000",
      "depreciation": "None",
      "depreciationAndAmortization": "209000000",
      "incomeBeforeTax": "4758000000",
      "incomeTaxExpense": "1380000000",
      "interestAndDebtExpense": "None",
      "netIncomeFromContinuingOperations": "3378000000",
      "comprehensiveIncomeNetOfTax": "None",
      "ebit": "4725000000",
      "ebitda": "4934000000",
      "netIncome": "3378000000"
    },
    {
      "fiscalDateEnding": "2009-09-30",
      "reportedCurrency": "USD",
      "grossProfit": "3614000000",
      "totalRevenue": "9870000000",
      "costOfRevenue": "6256000000",
      "costofGoodsAndServicesSold": "6256000000",
      "operatingIncome": "2193000000",
      "sellingGeneralAndAdministrative": "1063000000",
      "researchAndDevelopment": "358000000",
      "operatingExpenses": "1421000000",
      "investmentIncomeNet": "None",
      "netInterestIncome": "None",
      "interestIncome": "None",
      "interestExpense": "45000000",
      "nonInterestIncome": "None",
      "otherNonOperatingIncome": "None",
      "depreciation": "None",
      "depreciationAndAmortization": "197000000",
      "incomeBeforeTax": "2238000000",
      "incomeTaxExpense": "573000000",
      "interestAndDebtExpense": "None",
      "netIncomeFromContinuingOperations": "0",
      "comprehensiveIncomeNetOfTax": "None",
      "ebit": "2193000000",
      "ebitda": "2390000000",
      "netIncome": "1665000000"
    },
    {
      "fiscalDateEnding": "2009-06-30",
      "reportedCurrency": "USD",
      "grossProfit": "3983000000",
      "totalRevenue": "9734000000",
      "costOfRevenue": "5751000000",
      "costofGoodsAndServicesSold": "5751000000",
      "operatingIncome": "2632000000",
      "sellingGeneralAndAdministrative": "1010000000",
      "researchAndDevelopment": "341000000",
      "operatingExpenses": "1351000000",
      "investmentIncomeNet": "None",
      "netInterestIncome": "None",
      "interestIncome": "None",
      "interestExpense": "236000000",
      "nonInterestIncome": "None",
      "otherNonOperatingIncome": "60000000",
      "depreciation": "None",
      "depreciationAndAmortization": "182000000",
      "incomeBeforeTax": "2692000000",
      "incomeTaxExpense": "864000000",
      "interestAndDebtExpense": "None",
      "netIncomeFromContinuingOperations": "1229000000",
      "comprehensiveIncomeNetOfTax": "None",
      "ebit": "2632000000",
      "ebitda": "2814000000",
      "netIncome": "1828000000"
    },
    {
      "fiscalDateEnding": "2009-03-31",
      "reportedCurrency": "USD",
      "grossProfit": "3627000000",
      "totalRevenue": "9084000000",
      "costOfRevenue": "5457000000",
      "costofGoodsAndServicesSold": "5457000000",
      "operatingIncome": "2323000000",
      "sellingGeneralAndAdministrative": "985000000",
      "researchAndDevelopment": "319000000",
      "operatingExpenses": "1304000000",
      "investmentIncomeNet": "None",
      "netInterestIncome": "None",
      "interestIncome": "None",
      "interestExpense": "63000000",
      "nonInterestIncome": "None",
      "otherNonOperatingIncome": "None",
      "depreciation": "None",
      "depreciationAndAmortization": "181000000",
      "incomeBeforeTax": "2386000000",
      "incomeTaxExpense": "766000000",
      "interestAndDebtExpense": "None",
      "netIncomeFromContinuingOperations": "0",
      "comprehensiveIncomeNetOfTax": "None",
      "ebit": "2323000000",
      "ebitda": "2504000000",
      "netIncome": "1620000000"
    },
    {
      "fiscalDateEnding": "2008-12-31",
      "reportedCurrency": "USD",
      "grossProfit": "4507000000",
      "totalRevenue": "11880000000",
      "costOfRevenue": "7373000000",
      "costofGoodsAndServicesSold": "7373000000",
      "operatingIncome": "3101000000",
      "sellingGeneralAndAdministrative": "1091000000",
      "researchAndDevelopment": "315000000",
      "operatingExpenses": "1406000000",
      "investmentIncomeNet": "None",
      "netInterestIncome": "None",
      "interestIncome": "None",
      "interestExpense": "158000000",
      "nonInterestIncome": "None",
      "otherNonOperatingIncome": "None",
      "depreciation": "None",
      "depreciationAndAmortization": "168000000",
      "incomeBeforeTax": "3259000000",
      "incomeTaxExpense": "1004000000",
      "interestAndDebtExpense": "None",
      "netIncomeFromContinuingOperations": "0",
      "comprehensiveIncomeNetOfTax": "None",
      "ebit": "3101000000",
      "ebitda": "3269000000",
      "netIncome": "2255000000"
    },
    {
      "fiscalDateEnding": "2008-09-30",
      "reportedCurrency": "USD",
      "grossProfit": "2739000000",
      "totalRevenue": "7895000000",
      "costOfRevenue": "5156000000",
      "costofGoodsAndServicesSold": "5156000000",
      "operatingIncome": "1442000000",
      "sellingGeneralAndAdministrative": "999000000",
      "researchAndDevelopment": "298000000",
      "operatingExpenses": "1297000000",
      "investmentIncomeNet": "None",
      "netInterestIncome": "None",
      "interestIncome": "None",
      "interestExpense": "140000000",
      "nonInterestIncome": "None",
      "otherNonOperatingIncome": "None",
      "depreciation": "None",
      "depreciationAndAmortization": "134000000",
      "incomeBeforeTax": "1582000000",
      "incomeTaxExpense": "446000000",
      "interestAndDebtExpense": "None",
      "netIncomeFromContinuingOperations": "0",
      "comprehensiveIncomeNetOfTax": "None",
      "ebit": "1442000000",
      "ebitda": "1576000000",
      "netIncome": "1136000000"
    },
    {
      "fiscalDateEnding": "2008-06-30",
      "reportedCurrency": "USD",
      "grossProfit": "2600000000",
      "totalRevenue": "7464000000",
      "costOfRevenue": "4864000000",
      "costofGoodsAndServicesSold": "4864000000",
      "operatingIncome": "1392000000",
      "sellingGeneralAndAdministrative": "916000000",
      "researchAndDevelopment": "292000000",
      "operatingExpenses": "1208000000",
      "investmentIncomeNet": "None",
      "netInterestIncome": "None",
      "interestIncome": "None",
      "interestExpense": "118000000",
      "nonInterestIncome": "None",
      "otherNonOperatingIncome": "None",
      "depreciation": "None",
      "depreciationAndAmortization": "117000000",
      "incomeBeforeTax": "1510000000",
      "incomeTaxExpense": "438000000",
      "interestAndDebtExpense": "None",
      "netIncomeFromContinuingOperations": "0",
      "comprehensiveIncomeNetOfTax": "None",
      "ebit": "1392000000",
      "ebitda": "1509000000",
      "netIncome": "1072000000"
    },
    {
      "fiscalDateEnding": "2008-03-31",
      "reportedCurrency": "USD",
      "grossProfit": "2474000000",
      "totalRevenue": "7512000000",
      "costOfRevenue": "5038000000",
      "costofGoodsAndServicesSold": "5038000000",
      "operatingIncome": "1315000000",
      "sellingGeneralAndAdministrative": "886000000",
      "researchAndDevelopment": "273000000",
      "operatingExpenses": "1159000000",
      "investmentIncomeNet": "None",
      "netInterestIncome": "None",
      "interestIncome": "None",
      "interestExpense": "162000000",
      "nonInterestIncome": "None",
      "otherNonOperatingIncome": "None",
      "depreciation": "None",
      "depreciationAndAmortization": "116000000",
      "incomeBeforeTax": "1477000000",
      "incomeTaxExpense": "432000000",
      "interestAndDebtExpense": "None",
      "netIncomeFromContinuingOperations": "0",
      "comprehensiveIncomeNetOfTax": "None",
      "ebit": "1315000000",
      "ebitda": "1431000000",
      "netIncome": "1045000000"
    },
    {
      "fiscalDateEnding": "2007-12-31",
      "reportedCurrency": "USD",
      "grossProfit": "3332000000",
      "totalRevenue": "9608000000",
      "costOfRevenue": "6276000000",
      "costofGoodsAndServicesSold": "6276000000",
      "operatingIncome": "2126000000",
      "sellingGeneralAndAdministrative": "960000000",
      "researchAndDevelopment": "246000000",
      "operatingExpenses": "1206000000",
      "investmentIncomeNet": "None",
      "netInterestIncome": "None",
      "interestIncome": "None",
      "interestExpense": "200000000",
      "nonInterestIncome": "None",
      "otherNonOperatingIncome": "None",
      "depreciation": "None",
      "depreciationAndAmortization": "106000000",
      "incomeBeforeTax": "2326000000",
      "incomeTaxExpense": "745000000",
      "interestAndDebtExpense": "None",
      "netIncomeFromContinuingOperations": "0",
      "comprehensiveIncomeNetOfTax": "None",
      "ebit": "2126000000",
      "ebitda": "2232000000",
      "netIncome": "1581000000"
    },
    {
      "fiscalDateEnding": "2007-09-30",
      "reportedCurrency": "USD",
      "grossProfit": "2090000000",
      "totalRevenue": "6217000000",
      "costOfRevenue": "4127000000",
      "costofGoodsAndServicesSold": "4127000000",
      "operatingIncome": "1060000000",
      "sellingGeneralAndAdministrative": "823000000",
      "researchAndDevelopment": "207000000",
      "operatingExpenses": "1030000000",
      "investmentIncomeNet": "None",
      "netInterestIncome": "None",
      "interestIncome": "None",
      "interestExpense": "170000000",
      "nonInterestIncome": "None",
      "otherNonOperatingIncome": "None",
      "depreciation": "None",
      "depreciationAndAmortization": "93000000",
      "incomeBeforeTax": "1230000000",
      "incomeTaxExpense": "326000000",
      "interestAndDebtExpense": "None",
      "netIncomeFromContinuingOperations": "0",
      "comprehensiveIncomeNetOfTax": "None",
      "ebit": "1060000000",
      "ebitda": "1153000000",
      "netIncome": "904000000"
    },
    {
      "fiscalDateEnding": "2007-06-30",
      "reportedCurrency": "USD",
      "grossProfit": "1995000000",
      "totalRevenue": "5410000000",
      "costOfRevenue": "3415000000",
      "costofGoodsAndServicesSold": "3415000000",
      "operatingIncome": "1041000000",
      "sellingGeneralAndAdministrative": "746000000",
      "researchAndDevelopment": "208000000",
      "operatingExpenses": "954000000",
      "investmentIncomeNet": "None",
      "netInterestIncome": "None",
      "interestIncome": "None",
      "interestExpense": "155000000",
      "nonInterestIncome": "None",
      "otherNonOperatingIncome": "None",
      "depreciation": "None",
      "depreciationAndAmortization": "81000000",
      "incomeBeforeTax": "1196000000",
      "incomeTaxExpense": "378000000",
      "interestAndDebtExpense": "None",
      "netIncomeFromContinuingOperations": "0",
      "comprehensiveIncomeNetOfTax": "None",
      "ebit": "1041000000",
      "ebitda": "1122000000",
      "netIncome": "818000000"
    },
    {
      "fiscalDateEnding": "2007-03-31",
      "reportedCurrency": "USD",
      "grossProfit": "1849000000",
      "totalRevenue": "5264000000",
      "costOfRevenue": "3415000000",
      "costofGoodsAndServicesSold": "3415000000",
      "operatingIncome": "986000000",
      "sellingGeneralAndAdministrative": "680000000",
      "researchAndDevelopment": "183000000",
      "operatingExpenses": "863000000",
      "investmentIncomeNet": "None",
      "netInterestIncome": "None",
      "interestIncome": "None",
      "interestExpense": "148000000",
      "nonInterestIncome": "None",
      "otherNonOperatingIncome": "None",
      "depreciation": "None",
      "depreciationAndAmortization": "69000000",
      "incomeBeforeTax": "1134000000",
      "incomeTaxExpense": "364000000",
      "interestAndDebtExpense": "None",
      "netIncomeFromContinuingOperations": "0",
      "comprehensiveIncomeNetOfTax": "None",
      "ebit": "986000000",
      "ebitda": "1055000000",
      "netIncome": "770000000"
    },
    {
      "fiscalDateEnding": "2006-12-31",
      "reportedCurrency": "USD",
      "grossProfit": "2220000000",
      "totalRevenue": "7115000000",
      "costOfRevenue": "4895000000",
      "costofGoodsAndServicesSold": "4895000000",
      "operatingIncome": "1322000000",
      "sellingGeneralAndAdministrative": "714000000",
      "researchAndDevelopment": "184000000",
      "operatingExpenses": "898000000",
      "investmentIncomeNet": "None",
      "netInterestIncome": "None",
      "interestIncome": "None",
      "interestExpense": "126000000",
      "nonInterestIncome": "None",
      "otherNonOperatingIncome": "None",
      "depreciation": "None",
      "depreciationAndAmortization": "74000000",
      "incomeBeforeTax": "1448000000",
      "incomeTaxExpense": "444000000",
      "interestAndDebtExpense": "None",
      "netIncomeFromContinuingOperations": "0",
      "comprehensiveIncomeNetOfTax": "None",
      "ebit": "1322000000",
      "ebitda": "1396000000",
      "netIncome": "1004000000"
    },
    {
      "fiscalDateEnding": "2006-09-30",
      "reportedCurrency": "USD",
      "grossProfit": "1412000000",
      "totalRevenue": "4370000000",
      "costOfRevenue": "3425000000",
      "costofGoodsAndServicesSold": "3425000000",
      "operatingIncome": "608000000",
      "sellingGeneralAndAdministrative": "584000000",
      "researchAndDevelopment": "179000000",
      "operatingExpenses": "804000000",
      "investmentIncomeNet": "None",
      "netInterestIncome": "None",
      "interestIncome": "None",
      "interestExpense": "252000000",
      "nonInterestIncome": "None",
      "otherNonOperatingIncome": "None",
      "depreciation": "None",
      "depreciationAndAmortization": "66000000",
      "incomeBeforeTax": "721000000",
      "incomeTaxExpense": "179000000",
      "interestAndDebtExpense": "None",
      "netIncomeFromContinuingOperations": "0",
      "comprehensiveIncomeNetOfTax": "None",
      "ebit": "661000000",
      "ebitda": "718000000",
      "netIncome": "542000000"
    },
    {
      "fiscalDateEnding": "2006-06-30",
      "reportedCurrency": "USD",
      "grossProfit": "1325000000",
      "totalRevenue": "4370000000",
      "costOfRevenue": "3045000000",
      "costofGoodsAndServicesSold": "3045000000",
      "operatingIncome": "566000000",
      "sellingGeneralAndAdministrative": "584000000",
      "researchAndDevelopment": "175000000",
      "operatingExpenses": "759000000",
      "investmentIncomeNet": "None",
      "netInterestIncome": "None",
      "interestIncome": "None",
      "interestExpense": "0",
      "nonInterestIncome": "None",
      "otherNonOperatingIncome": "None",
      "depreciation": "None",
      "depreciationAndAmortization": "57000000",
      "incomeBeforeTax": "661000000",
      "incomeTaxExpense": "189000000",
      "interestAndDebtExpense": "None",
      "netIncomeFromContinuingOperations": "0",
      "comprehensiveIncomeNetOfTax": "None",
      "ebit": "566000000",
      "ebitda": "623000000",
      "netIncome": "472000000"
    },
    {
      "fiscalDateEnding": "2006-03-31",
      "reportedCurrency": "USD",
      "grossProfit": "1297000000",
      "totalRevenue": "4359000000",
      "costOfRevenue": "3062000000",
      "costofGoodsAndServicesSold": "3062000000",
      "operatingIncome": "529000000",
      "sellingGeneralAndAdministrative": "592000000",
      "researchAndDevelopment": "176000000",
      "operatingExpenses": "768000000",
      "investmentIncomeNet": "None",
      "netInterestIncome": "None",
      "interestIncome": "None",
      "interestExpense": "76000000",
      "nonInterestIncome": "None",
      "otherNonOperatingIncome": "None",
      "depreciation": "None",
      "depreciationAndAmortization": "50000000",
      "incomeBeforeTax": "605000000",
      "incomeTaxExpense": "195000000",
      "interestAndDebtExpense": "None",
      "netIncomeFromContinuingOperations": "0",
      "comprehensiveIncomeNetOfTax": "None",
      "ebit": "529000000",
      "ebitda": "579000000",
      "netIncome": "410000000"
    },
    {
      "fiscalDateEnding": "2005-12-31",
      "reportedCurrency": "USD",
      "grossProfit": "1564000000",
      "totalRevenue": "5749000000",
      "costOfRevenue": "4185000000",
      "costofGoodsAndServicesSold": "4185000000",
      "operatingIncome": "750000000",
      "sellingGeneralAndAdministrative": "632000000",
      "researchAndDevelopment": "182000000",
      "operatingExpenses": "814000000",
      "investmentIncomeNet": "None",
      "netInterestIncome": "None",
      "interestIncome": "None",
      "interestExpense": "81000000",
      "nonInterestIncome": "None",
      "otherNonOperatingIncome": "None",
      "depreciation": "None",
      "depreciationAndAmortization": "52000000",
      "incomeBeforeTax": "831000000",
      "incomeTaxExpense": "266000000",
      "interestAndDebtExpense": "None",
      "netIncomeFromContinuingOperations": "0",
      "comprehensiveIncomeNetOfTax": "None",
      "ebit": "750000000",
      "ebitda": "802000000",
      "netIncome": "565000000"
    },
    {
      "fiscalDateEnding": "2005-09-30",
      "reportedCurrency": "USD",
      "grossProfit": "1035000000",
      "totalRevenue": "3678000000",
      "costOfRevenue": "2643000000",
      "costofGoodsAndServicesSold": "2643000000",
      "operatingIncome": "418000000",
      "sellingGeneralAndAdministrative": "470000000",
      "researchAndDevelopment": "147000000",
      "operatingExpenses": "617000000",
      "investmentIncomeNet": "None",
      "netInterestIncome": "None",
      "interestIncome": "None",
      "interestExpense": "60000000",
      "nonInterestIncome": "None",
      "otherNonOperatingIncome": "None",
      "depreciation": "None",
      "depreciationAndAmortization": "51000000",
      "incomeBeforeTax": "478000000",
      "incomeTaxExpense": "48000000",
      "interestAndDebtExpense": "None",
      "netIncomeFromContinuingOperations": "0",
      "comprehensiveIncomeNetOfTax": "None",
      "ebit": "418000000",
      "ebitda": "469000000",
      "netIncome": "430000000"
    },
    {
      "fiscalDateEnding": "2005-06-30",
      "reportedCurrency": "USD",
      "grossProfit": "1044000000",
      "totalRevenue": "3520000000",
      "costOfRevenue": "2476000000",
      "costofGoodsAndServicesSold": "2476000000",
      "operatingIncome": "426000000",
      "sellingGeneralAndAdministrative": "472000000",
      "researchAndDevelopment": "145000000",
      "operatingExpenses": "618000000",
      "investmentIncomeNet": "None",
      "netInterestIncome": "None",
      "interestIncome": "None",
      "interestExpense": "46000000",
      "nonInterestIncome": "None",
      "otherNonOperatingIncome": "None",
      "depreciation": "None",
      "depreciationAndAmortization": "46000000",
      "incomeBeforeTax": "472000000",
      "incomeTaxExpense": "153000000",
      "interestAndDebtExpense": "None",
      "netIncomeFromContinuingOperations": "0",
      "comprehensiveIncomeNetOfTax": "None",
      "ebit": "426000000",
      "ebitda": "472000000",
      "netIncome": "319000000"
    },
    {
      "fiscalDateEnding": "2005-03-31",
      "reportedCurrency": "USD",
      "grossProfit": "968000000",
      "totalRevenue": "3243000000",
      "costOfRevenue": "2275000000",
      "costofGoodsAndServicesSold": "2275000000",
      "operatingIncome": "402000000",
      "sellingGeneralAndAdministrative": "447000000",
      "researchAndDevelopment": "119000000",
      "operatingExpenses": "566000000",
      "investmentIncomeNet": "None",
      "netInterestIncome": "None",
      "interestIncome": "None",
      "interestExpense": "33000000",
      "nonInterestIncome": "None",
      "otherNonOperatingIncome": "None",
      "depreciation": "None",
      "depreciationAndAmortization": "41000000",
      "incomeBeforeTax": "435000000",
      "incomeTaxExpense": "145000000",
      "interestAndDebtExpense": "None",
      "netIncomeFromContinuingOperations": "0",
      "comprehensiveIncomeNetOfTax": "None",
      "ebit": "402000000",
      "ebitda": "443000000",
      "netIncome": "290000000"
    }
  ]
}