{
  "symbol": "C",
  "annualReports": [
    {
      "fiscalDateEnding": "2024-12-31",
      "reportedCurrency": "USD",
      "grossProfit": "71363000000",
      "totalRevenue": "71363000000",
      "costOfRevenue": "None",
      "costofGoodsAndServicesSold": "None",
      "operatingIncome": "30235000000",
      "sellingGeneralAndAdministrative": "28632000000",
      "researchAndDevelopment": "None",
      "operatingExpenses": "41128000000",
      "investmentIncomeNet": "None",
      "netInterestIncome": "54095000000",
      "interestIncome": "143713000000",
      "interestExpense": "89618000000",
      "nonInterestIncome": "None",
      "otherNonOperatingIncome": "None",
      "depreciation": "None",
      "depreciationAndAmortization": "-12499000000",
      "incomeBeforeTax": "17046000000",
      "incomeTaxExpense": "4211000000",
      "interestAndDebtExpense": "None",
      "netIncomeFromContinuingOperations": "12835000000",
      "comprehensiveIncomeNetOfTax": "None",
      "ebit": "30235000000",
      "ebitda": "17736000000",
      "netIncome": "12682000000"
    },
    {
      "fiscalDateEnding": "2023-12-31",
      "reportedCurrency": "USD",
      "grossProfit": "78486000000",
      "totalRevenue": "78486000000",
      "costOfRevenue": "-2052000000",
      "costofGoodsAndServicesSold": "-2052000000",
      "operatingIncome": "22814000000",
      "sellingGeneralAndAdministrative": "29319000000",
      "researchAndDevelopment": "None",
      "operatingExpenses": "55672000000",
      "investmentIncomeNet": "None",
      "netInterestIncome": "54900000000",
      "interestIncome": "133258000000",
      "interestExpense": "78358000000",
      "nonInterestIncome": "None",
      "otherNonOperatingIncome": "None",
      "depreciation": "None",
      "depreciationAndAmortization": "4560000000",
      "incomeBeforeTax": "12910000000",
      "incomeTaxExpense": "3528000000",
      "interestAndDebtExpense": "None",
      "netIncomeFromContinuingOperations": "9382000000",
      "comprehensiveIncomeNetOfTax": "None",
      "ebit": "22814000000",
      "ebitda": "27374000000",
      "netIncome": "9228000000"
    },
    {
      "fiscalDateEnding": "2022-12-31",
      "reportedCurrency": "USD",
      "grossProfit": "75305000000",
      "totalRevenue": "75305000000",
      "costOfRevenue": "41149000000",
      "costofGoodsAndServicesSold": "41149000000",
      "operatingIncome": "18807000000",
      "sellingGeneralAndAdministrative": "26749000000",
      "researchAndDevelopment": "None",
      "operatingExpenses": "51753000000",
      "investmentIncomeNet": "None",
      "netInterestIncome": "48668000000",
      "interestIncome": "74408000000",
      "interestExpense": "25740000000",
      "nonInterestIncome": "None",
      "otherNonOperatingIncome": "None",
      "depreciation": "None",
      "depreciationAndAmortization": "4262000000",
      "incomeBeforeTax": "18807000000",
      "incomeTaxExpense": "3642000000",
      "interestAndDebtExpense": "None",
      "netIncomeFromContinuingOperations": "15165000000",
      "comprehensiveIncomeNetOfTax": "None",
      "ebit": "18807000000",
      "ebitda": "23069000000",
      "netIncome": "14845000000"
    },
    {
      "fiscalDateEnding": "2021-12-31",
      "reportedCurrency": "USD",
      "grossProfit": "71887000000",
      "totalRevenue": "71887000000",
      "costOfRevenue": "38875000000",
      "costofGoodsAndServicesSold": "38875000000",
      "operatingIncome": "27469000000",
      "sellingGeneralAndAdministrative": "25250000000",
      "researchAndDevelopment": "None",
      "operatingExpenses": "47521000000",
      "investmentIncomeNet": "None",
      "netInterestIncome": "42494000000",
      "interestIncome": "50475000000",
      "interestExpense": "7981000000",
      "nonInterestIncome": "None",
      "otherNonOperatingIncome": "None",
      "depreciation": "None",
      "depreciationAndAmortization": "3964000000",
      "incomeBeforeTax": "27469000000",
      "incomeTaxExpense": "5451000000",
      "interestAndDebtExpense": "None",
      "netIncomeFromContinuingOperations": "22018000000",
      "comprehensiveIncomeNetOfTax": "None",
      "ebit": "27469000000",
      "ebitda": "31433000000",
      "netIncome": "21952000000"
    },
    {
      "fiscalDateEnding": "2020-12-31",
      "reportedCurrency": "USD",
      "grossProfit": "75494000000",
      "totalRevenue": "75494000000",
      "costOfRevenue": "34571000000",
      "costofGoodsAndServicesSold": "34571000000",
      "operatingIncome": "13632000000",
      "sellingGeneralAndAdministrative": "22327000000",
      "researchAndDevelopment": "None",
      "operatingExpenses": "45940000000",
      "investmentIncomeNet": "None",
      "netInterestIncome": "43548000000",
      "interestIncome": "58089000000",
      "interestExpense": "13338000000",
      "nonInterestIncome": "None",
      "otherNonOperatingIncome": "None",
      "depreciation": "None",
      "depreciationAndAmortization": "3937000000",
      "incomeBeforeTax": "13632000000",
      "incomeTaxExpense": "2525000000",
      "interestAndDebtExpense": "None",
      "netIncomeFromContinuingOperations": "11107000000",
      "comprehensiveIncomeNetOfTax": "None",
      "ebit": "5758000000",
      "ebitda": "9695000000",
      "netIncome": "11047000000"
    },
    {
      "fiscalDateEnding": "2019-12-31",
      "reportedCurrency": "USD",
      "grossProfit": "75067000000",
      "totalRevenue": "75067000000",
      "costOfRevenue": "33409000000",
      "costofGoodsAndServicesSold": "33409000000",
      "operatingIncome": "23901000000",
      "sellingGeneralAndAdministrative": "21506000000",
      "researchAndDevelopment": "None",
      "operatingExpenses": "42948000000",
      "investmentIncomeNet": "None",
      "netInterestIncome": "47347000000",
      "interestIncome": "76510000000",
      "interestExpense": "28382000000",
      "nonInterestIncome": "None",
      "otherNonOperatingIncome": "None",
      "depreciation": "None",
      "depreciationAndAmortization": "3905000000",
      "incomeBeforeTax": "23901000000",
      "incomeTaxExpense": "4430000000",
      "interestAndDebtExpense": "None",
      "netIncomeFromContinuingOperations": "19471000000",
      "comprehensiveIncomeNetOfTax": "None",
      "ebit": "23901000000",
      "ebitda": "27806000000",
      "netIncome": "19401000000"
    },
    {
      "fiscalDateEnding": "2018-12-31",
      "reportedCurrency": "USD",
      "grossProfit": "72854000000",
      "totalRevenue": "72854000000",
      "costOfRevenue": "33103000000",
      "costofGoodsAndServicesSold": "33103000000",
      "operatingIncome": "23445000000",
      "sellingGeneralAndAdministrative": "21255000000",
      "researchAndDevelopment": "0",
      "operatingExpenses": "42055000000",
      "investmentIncomeNet": "None",
      "netInterestIncome": "46293000000",
      "interestIncome": "70559000000",
      "interestExpense": "24266000000",
      "nonInterestIncome": "None",
      "otherNonOperatingIncome": "None",
      "depreciation": "None",
      "depreciationAndAmortization": "3754000000",
      "incomeBeforeTax": "23445000000",
      "incomeTaxExpense": "5357000000",
      "interestAndDebtExpense": "None",
      "netIncomeFromContinuingOperations": "18088000000",
      "comprehensiveIncomeNetOfTax": "None",
      "ebit": "23445000000",
      "ebitda": "27199000000",
      "netIncome": "18045000000"
    },
    {
      "fiscalDateEnding": "2017-12-31",
      "reportedCurrency": "USD",
      "grossProfit": "72444000000",
      "totalRevenue": "72444000000",
      "costOfRevenue": "32738000000",
      "costofGoodsAndServicesSold": "32738000000",
      "operatingIncome": "23092000000",
      "sellingGeneralAndAdministrative": "21290000000",
      "researchAndDevelopment": "0",
      "operatingExpenses": "42511000000",
      "investmentIncomeNet": "None",
      "netInterestIncome": "44465000000",
      "interestIncome": "60982000000",
      "interestExpense": "16518000000",
      "nonInterestIncome": "None",
      "otherNonOperatingIncome": "None",
      "depreciation": "None",
      "depreciationAndAmortization": "3659000000",
      "incomeBeforeTax": "22761000000",
      "incomeTaxExpense": "29388000000",
      "interestAndDebtExpense": "None",
      "netIncomeFromContinuingOperations": "-6627000000",
      "comprehensiveIncomeNetOfTax": "None",
      "ebit": "22625000000",
      "ebitda": "26284000000",
      "netIncome": "-7937000000"
    },
    {
      "fiscalDateEnding": "2016-12-31",
      "reportedCurrency": "USD",
      "grossProfit": "70797000000",
      "totalRevenue": "70797000000",
      "costOfRevenue": "33099000000",
      "costofGoodsAndServicesSold": "33099000000",
      "operatingIncome": "21477000000",
      "sellingGeneralAndAdministrative": "21174000000",
      "researchAndDevelopment": "0",
      "operatingExpenses": "42571000000",
      "investmentIncomeNet": "None",
      "netInterestIncome": "44929000000",
      "interestIncome": "57440000000",
      "interestExpense": "12512000000",
      "nonInterestIncome": "None",
      "otherNonOperatingIncome": "None",
      "depreciation": "None",
      "depreciationAndAmortization": "3720000000",
      "incomeBeforeTax": "21477000000",
      "incomeTaxExpense": "6444000000",
      "interestAndDebtExpense": "None",
      "netIncomeFromContinuingOperations": "15033000000",
      "comprehensiveIncomeNetOfTax": "None",
      "ebit": "21477000000",
      "ebitda": "25197000000",
      "netIncome": "14912000000"
    },
    {
      "fiscalDateEnding": "2015-12-31",
      "reportedCurrency": "USD",
      "grossProfit": "76354000000",
      "totalRevenue": "76354000000",
      "costOfRevenue": "35487000000",
      "costofGoodsAndServicesSold": "35487000000",
      "operatingIncome": "24826000000",
      "sellingGeneralAndAdministrative": "22500000000",
      "researchAndDevelopment": "0",
      "operatingExpenses": "44420000000",
      "investmentIncomeNet": "None",
      "netInterestIncome": "46630000000",
      "interestIncome": "58551000000",
      "interestExpense": "11921000000",
      "nonInterestIncome": "None",
      "otherNonOperatingIncome": "None",
      "depreciation": "None",
      "depreciationAndAmortization": "3506000000",
      "incomeBeforeTax": "24826000000",
      "incomeTaxExpense": "7440000000",
      "interestAndDebtExpense": "None",
      "netIncomeFromContinuingOperations": "17386000000",
      "comprehensiveIncomeNetOfTax": "None",
      "ebit": "24826000000",
      "ebitda": "28332000000",
      "netIncome": "17242000000"
    },
    {
      "fiscalDateEnding": "2014-12-31",
      "reportedCurrency": "USD",
      "grossProfit": "77219000000",
      "totalRevenue": "77219000000",
      "costOfRevenue": "46771000000",
      "costofGoodsAndServicesSold": "46771000000",
      "operatingIncome": "14701000000",
      "sellingGeneralAndAdministrative": "24760000000",
      "researchAndDevelopment": "0",
      "operatingExpenses": "55690000000",
      "investmentIncomeNet": "None",
      "netInterestIncome": "None",
      "interestIncome": "None",
      "interestExpense": "13690000000",
      "nonInterestIncome": "None",
      "otherNonOperatingIncome": "None",
      "depreciation": "None",
      "depreciationAndAmortization": "3589000000",
      "incomeBeforeTax": "14701000000",
      "incomeTaxExpense": "7197000000",
      "interestAndDebtExpense": "None",
      "netIncomeFromContinuingOperations": "7500000000",
      "comprehensiveIncomeNetOfTax": "None",
      "ebit": "7523000000",
      "ebitda": "11112000000",
      "netIncome": "7313000000"
    },
    {
      "fiscalDateEnding": "2013-12-31",
      "reportedCurrency": "USD",
      "grossProfit": "76724000000",
      "totalRevenue": "76724000000",
      "costOfRevenue": "40331000000",
      "costofGoodsAndServicesSold": "40331000000",
      "operatingIncome": "19802000000",
      "sellingGeneralAndAdministrative": "24797000000",
      "researchAndDevelopment": "0",
      "operatingExpenses": "49318000000",
      "investmentIncomeNet": "None",
      "netInterestIncome": "None",
      "interestIncome": "None",
      "interestExpense": "16177000000",
      "nonInterestIncome": "None",
      "otherNonOperatingIncome": "None",
      "depreciation": "None",
      "depreciationAndAmortization": "3303000000",
      "incomeBeforeTax": "19802000000",
      "incomeTaxExpense": "6186000000",
      "interestAndDebtExpense": "None",
      "netIncomeFromContinuingOperations": "13630000000",
      "comprehensiveIncomeNetOfTax": "None",
      "ebit": "19497000000",
      "ebitda": "22800000000",
      "netIncome": "13908000000"
    },
    {
      "fiscalDateEnding": "2012-12-31",
      "reportedCurrency": "USD",
      "grossProfit": "69190000000",
      "totalRevenue": "69190000000",
      "costOfRevenue": "42380000000",
      "costofGoodsAndServicesSold": "42380000000",
      "operatingIncome": "7825000000",
      "sellingGeneralAndAdministrative": "26006000000",
      "researchAndDevelopment": "0",
      "operatingExpenses": "50907000000",
      "investmentIncomeNet": "None",
      "netInterestIncome": "None",
      "interestIncome": "None",
      "interestExpense": "20612000000",
      "nonInterestIncome": "None",
      "otherNonOperatingIncome": "None",
      "depreciation": "None",
      "depreciationAndAmortization": "2507000000",
      "incomeBeforeTax": "7825000000",
      "incomeTaxExpense": "7000000",
      "interestAndDebtExpense": "None",
      "netIncomeFromContinuingOperations": "7909000000",
      "comprehensiveIncomeNetOfTax": "None",
      "ebit": "2811000000",
      "ebitda": "5318000000",
      "netIncome": "7541000000"
    },
    {
      "fiscalDateEnding": "2011-12-31",
      "reportedCurrency": "USD",
      "grossProfit": "77331000000",
      "totalRevenue": "77331000000",
      "costOfRevenue": "43454000000",
      "costofGoodsAndServicesSold": "43454000000",
      "operatingIncome": "11103000000",
      "sellingGeneralAndAdministrative": "26586000000",
      "researchAndDevelopment": "0",
      "operatingExpenses": "30306000000",
      "investmentIncomeNet": "None",
      "netInterestIncome": "None",
      "interestIncome": "None",
      "interestExpense": "24209000000",
      "nonInterestIncome": "None",
      "otherNonOperatingIncome": "None",
      "depreciation": "None",
      "depreciationAndAmortization": "2872000000",
      "incomeBeforeTax": "14624000000",
      "incomeTaxExpense": "3521000000",
      "interestAndDebtExpense": "None",
      "netIncomeFromContinuingOperations": "11103000000",
      "comprehensiveIncomeNetOfTax": "None",
      "ebit": "5359000000",
      "ebitda": "8231000000",
      "netIncome": "11067000000"
    },
    {
      "fiscalDateEnding": "2010-12-31",
      "reportedCurrency": "USD",
      "grossProfit": "86601000000",
      "totalRevenue": "86601000000",
      "costOfRevenue": "40806000000",
      "costofGoodsAndServicesSold": "40806000000",
      "operatingIncome": "10951000000",
      "sellingGeneralAndAdministrative": "25395000000",
      "researchAndDevelopment": "0",
      "operatingExpenses": "28021000000",
      "investmentIncomeNet": "None",
      "netInterestIncome": "None",
      "interestIncome": "None",
      "interestExpense": "25096000000",
      "nonInterestIncome": "None",
      "otherNonOperatingIncome": "None",
      "depreciation": "None",
      "depreciationAndAmortization": "2664000000",
      "incomeBeforeTax": "13184000000",
      "incomeTaxExpense": "2233000000",
      "interestAndDebtExpense": "None",
      "netIncomeFromContinuingOperations": "10951000000",
      "comprehensiveIncomeNetOfTax": "None",
      "ebit": "5623000000",
      "ebitda": "8287000000",
      "netIncome": "10602000000"
    },
    {
      "fiscalDateEnding": "2009-12-31",
      "reportedCurrency": "USD",
      "grossProfit": "80285000000",
      "totalRevenue": "80285000000",
      "costOfRevenue": "41947000000",
      "costofGoodsAndServicesSold": "41947000000",
      "operatingIncome": "-1066000000",
      "sellingGeneralAndAdministrative": "26245000000",
      "researchAndDevelopment": "0",
      "operatingExpenses": "27660000000",
      "investmentIncomeNet": "None",
      "netInterestIncome": "None",
      "interestIncome": "None",
      "interestExpense": "27902000000",
      "nonInterestIncome": "None",
      "otherNonOperatingIncome": "None",
      "depreciation": "None",
      "depreciationAndAmortization": "2853000000",
      "incomeBeforeTax": "-7799000000",
      "incomeTaxExpense": "-6733000000",
      "interestAndDebtExpense": "None",
      "netIncomeFromContinuingOperations": "-1066000000",
      "comprehensiveIncomeNetOfTax": "None",
      "ebit": "-6772000000",
      "ebitda": "-3919000000",
      "netIncome": "-1606000000"
    },
    {
      "fiscalDateEnding": "2008-12-31",
      "reportedCurrency": "USD",
      "grossProfit": "52097000000",
      "totalRevenue": "52097000000",
      "costOfRevenue": "62179000000",
      "costofGoodsAndServicesSold": "62179000000",
      "operatingIncome": "-32094000000",
      "sellingGeneralAndAdministrative": "32499000000",
      "researchAndDevelopment": "None",
      "operatingExpenses": "36135000000",
      "investmentIncomeNet": "None",
      "netInterestIncome": "None",
      "interestIncome": "None",
      "interestExpense": "52750000000",
      "nonInterestIncome": "None",
      "otherNonOperatingIncome": "None",
      "depreciation": "None",
      "depreciationAndAmortization": "2466000000",
      "incomeBeforeTax": "-53055000000",
      "incomeTaxExpense": "-20612000000",
      "interestAndDebtExpense": "None",
      "netIncomeFromContinuingOperations": "None",
      "comprehensiveIncomeNetOfTax": "None",
      "ebit": "-53055000000",
      "ebitda": "-50589000000",
      "netIncome": "-27684000000"
    },
    {
      "fiscalDateEnding": "2007-12-31",
      "reportedCurrency": "USD",
      "grossProfit": "77300000000",
      "totalRevenue": "77300000000",
      "costOfRevenue": "52492000000",
      "costofGoodsAndServicesSold": "52492000000",
      "operatingIncome": "730000",
      "sellingGeneralAndAdministrative": "33640000000",
      "researchAndDevelopment": "None",
      "operatingExpenses": "38305000000",
      "investmentIncomeNet": "None",
      "netInterestIncome": "None",
      "interestIncome": "None",
      "interestExpense": "75958000000",
      "nonInterestIncome": "None",
      "otherNonOperatingIncome": "None",
      "depreciation": "None",
      "depreciationAndAmortization": "2421000000",
      "incomeBeforeTax": "1701000000",
      "incomeTaxExpense": "-2201000000",
      "interestAndDebtExpense": "None",
      "netIncomeFromContinuingOperations": "None",
      "comprehensiveIncomeNetOfTax": "None",
      "ebit": "-4841270000",
      "ebitda": "-2420270000",
      "netIncome": "3617000000"
    },
    {
      "fiscalDateEnding": "2006-12-31",
      "reportedCurrency": "USD",
      "grossProfit": "86327000000",
      "totalRevenue": "86327000000",
      "costOfRevenue": "45696000000",
      "costofGoodsAndServicesSold": "45696000000",
      "operatingIncome": "27000000",
      "sellingGeneralAndAdministrative": "30719000000",
      "researchAndDevelopment": "None",
      "operatingExpenses": "33807000000",
      "investmentIncomeNet": "None",
      "netInterestIncome": "None",
      "interestIncome": "None",
      "interestExpense": "55683000000",
      "nonInterestIncome": "None",
      "otherNonOperatingIncome": "None",
      "depreciation": "None",
      "depreciationAndAmortization": "2503000000",
      "incomeBeforeTax": "29639000000",
      "incomeTaxExpense": "8101000000",
      "interestAndDebtExpense": "None",
      "netIncomeFromContinuingOperations": "None",
      "comprehensiveIncomeNetOfTax": "None",
      "ebit": "-4979000000",
      "ebitda": "-2476000000",
      "netIncome": "21538000000"
    },
    {
      "fiscalDateEnding": "2005-12-31",
      "reportedCurrency": "USD",
      "grossProfit": "83642000000",
      "totalRevenue": "83642000000",
      "costOfRevenue": "39106000000",
      "costofGoodsAndServicesSold": "39106000000",
      "operatingIncome": "908000000",
      "sellingGeneralAndAdministrative": "26639000000",
      "researchAndDevelopment": "None",
      "operatingExpenses": "29142000000",
      "investmentIncomeNet": "None",
      "netInterestIncome": "None",
      "interestIncome": "None",
      "interestExpense": "36676000000",
      "nonInterestIncome": "None",
      "otherNonOperatingIncome": "None",
      "depreciation": "None",
      "depreciationAndAmortization": "2592000000",
      "incomeBeforeTax": "28884000000",
      "incomeTaxExpense": "9078000000",
      "interestAndDebtExpense": "None",
      "netIncomeFromContinuingOperations": "None",
      "comprehensiveIncomeNetOfTax": "None",
      "ebit": "-4276000000",
      "ebitda": "-1684000000",
      "netIncome": "24589000000"
    }
  ],
  "quarterlyReports": [
    {
      "fiscalDateEnding": "2025-03-31",
      "reportedCurrency": "None",
      "grossProfit": "None",
      "totalRevenue": "41460000000",
      "costOfRevenue": "41460000000",
      "costofGoodsAndServicesSold": "41460000000",
      "operatingIncome": "5503000000",
      "sellingGeneralAndAdministrative": "None",
      "researchAndDevelopment": "None",
      "operatingExpenses": "None",
      "investmentIncomeNet": "None",
      "netInterestIncome": "None",
      "interestIncome": "None",
      "interestExpense": "None",
      "nonInterestIncome": "None",
      "otherNonOperatingIncome": "None",
      "depreciation": "None",
      "depreciationAndAmortization": "None",
      "incomeBeforeTax": "5448000000",
      "incomeTaxExpense": "1340000000",
      "interestAndDebtExpense": "None",
      "netIncomeFromContinuingOperations": "None",
      "comprehensiveIncomeNetOfTax": "None",
      "ebit": "None",
      "ebitda": "5503000000",
      "netIncome": "4064000000"
    },
    {
      "fiscalDateEnding": "2024-12-31",
      "reportedCurrency": "USD",
      "grossProfit": "17023000000",
      "totalRevenue": "17023000000",
      "costOfRevenue": "None",
      "costofGoodsAndServicesSold": "None",
      "operatingIncome": "6849000000",
      "sellingGeneralAndAdministrative": "6940000000",
      "researchAndDevelopment": "None",
      "operatingExpenses": "10174000000",
      "investmentIncomeNet": "None",
      "netInterestIncome": "13733000000",
      "interestIncome": "35047000000",
      "interestExpense": "21314000000",
      "nonInterestIncome": "None",
      "otherNonOperatingIncome": "None",
      "depreciation": "None",
      "depreciationAndAmortization": "1019000000",
      "incomeBeforeTax": "3802000000",
      "incomeTaxExpense": "912000000",
      "interestAndDebtExpense": "None",
      "netIncomeFromContinuingOperations": "2890000000",
      "comprehensiveIncomeNetOfTax": "None",
      "ebit": "3111000000",
      "ebitda": "4130000000",
      "netIncome": "2856000000"
    },
    {
      "fiscalDateEnding": "2024-09-30",
      "reportedCurrency": "USD",
      "grossProfit": "19862000000",
      "totalRevenue": "19862000000",
      "costOfRevenue": "10686000000",
      "costofGoodsAndServicesSold": "10686000000",
      "operatingIncome": "6716000000",
      "sellingGeneralAndAdministrative": "7086000000",
      "researchAndDevelopment": "None",
      "operatingExpenses": "13146000000",
      "investmentIncomeNet": "None",
      "netInterestIncome": "13362000000",
      "interestIncome": "36456000000",
      "interestExpense": "23094000000",
      "nonInterestIncome": "None",
      "otherNonOperatingIncome": "None",
      "depreciation": "None",
      "depreciationAndAmortization": "1081000000",
      "incomeBeforeTax": "4390000000",
      "incomeTaxExpense": "1116000000",
      "interestAndDebtExpense": "None",
      "netIncomeFromContinuingOperations": "3274000000",
      "comprehensiveIncomeNetOfTax": "None",
      "ebit": "6716000000",
      "ebitda": "7797000000",
      "netIncome": "3238000000"
    },
    {
      "fiscalDateEnding": "2024-06-30",
      "reportedCurrency": "USD",
      "grossProfit": "20144000000",
      "totalRevenue": "20144000000",
      "costOfRevenue": "10799000000",
      "costofGoodsAndServicesSold": "10799000000",
      "operatingIncome": "6928000000",
      "sellingGeneralAndAdministrative": "6906000000",
      "researchAndDevelopment": "None",
      "operatingExpenses": "13216000000",
      "investmentIncomeNet": "None",
      "netInterestIncome": "13493000000",
      "interestIncome": "35987000000",
      "interestExpense": "22494000000",
      "nonInterestIncome": "None",
      "otherNonOperatingIncome": "None",
      "depreciation": "None",
      "depreciationAndAmortization": "1101000000",
      "incomeBeforeTax": "4310000000",
      "incomeTaxExpense": "1047000000",
      "interestAndDebtExpense": "None",
      "netIncomeFromContinuingOperations": "3263000000",
      "comprehensiveIncomeNetOfTax": "None",
      "ebit": "6928000000",
      "ebitda": "8029000000",
      "netIncome": "3217000000"
    },
    {
      "fiscalDateEnding": "2024-03-31",
      "reportedCurrency": "USD",
      "grossProfit": "21094000000",
      "totalRevenue": "21094000000",
      "costOfRevenue": "11496000000",
      "costofGoodsAndServicesSold": "11496000000",
      "operatingIncome": "7716000000",
      "sellingGeneralAndAdministrative": "7700000000",
      "researchAndDevelopment": "None",
      "operatingExpenses": "13378000000",
      "investmentIncomeNet": "None",
      "netInterestIncome": "13507000000",
      "interestIncome": "36223000000",
      "interestExpense": "22716000000",
      "nonInterestIncome": "None",
      "otherNonOperatingIncome": "None",
      "depreciation": "None",
      "depreciationAndAmortization": "1110000000",
      "incomeBeforeTax": "4544000000",
      "incomeTaxExpense": "1136000000",
      "interestAndDebtExpense": "None",
      "netIncomeFromContinuingOperations": "3408000000",
      "comprehensiveIncomeNetOfTax": "None",
      "ebit": "7716000000",
      "ebitda": "8826000000",
      "netIncome": "3371000000"
    },
    {
      "fiscalDateEnding": "2023-12-31",
      "reportedCurrency": "USD",
      "grossProfit": "18840000000",
      "totalRevenue": "18840000000",
      "costOfRevenue": "12424000000",
      "costofGoodsAndServicesSold": "12424000000",
      "operatingIncome": "3372000000",
      "sellingGeneralAndAdministrative": "6906000000",
      "researchAndDevelopment": "None",
      "operatingExpenses": "15468000000",
      "investmentIncomeNet": "None",
      "netInterestIncome": "13824000000",
      "interestIncome": "36379000000",
      "interestExpense": "22555000000",
      "nonInterestIncome": "None",
      "otherNonOperatingIncome": "None",
      "depreciation": "None",
      "depreciationAndAmortization": "1172000000",
      "incomeBeforeTax": "-2103000000",
      "incomeTaxExpense": "-296000000",
      "interestAndDebtExpense": "None",
      "netIncomeFromContinuingOperations": "-1807000000",
      "comprehensiveIncomeNetOfTax": "None",
      "ebit": "3372000000",
      "ebitda": "4544000000",
      "netIncome": "-2217000000"
    },
    {
      "fiscalDateEnding": "2023-09-30",
      "reportedCurrency": "USD",
      "grossProfit": "20142000000",
      "totalRevenue": "20142000000",
      "costOfRevenue": "10931000000",
      "costofGoodsAndServicesSold": "10931000000",
      "operatingIncome": "6720000000",
      "sellingGeneralAndAdministrative": "7449000000",
      "researchAndDevelopment": "None",
      "operatingExpenses": "13422000000",
      "investmentIncomeNet": "None",
      "netInterestIncome": "13828000000",
      "interestIncome": "34837000000",
      "interestExpense": "21009000000",
      "nonInterestIncome": "None",
      "otherNonOperatingIncome": "None",
      "depreciation": "None",
      "depreciationAndAmortization": "1141000000",
      "incomeBeforeTax": "4788000000",
      "incomeTaxExpense": "1203000000",
      "interestAndDebtExpense": "None",
      "netIncomeFromContinuingOperations": "3585000000",
      "comprehensiveIncomeNetOfTax": "None",
      "ebit": "6720000000",
      "ebitda": "7861000000",
      "netIncome": "3546000000"
    },
    {
      "fiscalDateEnding": "2023-06-30",
      "reportedCurrency": "USD",
      "grossProfit": "19440000000",
      "totalRevenue": "19440000000",
      "costOfRevenue": "10900000000",
      "costofGoodsAndServicesSold": "10900000000",
      "operatingIncome": "4042000000",
      "sellingGeneralAndAdministrative": "7402000000",
      "researchAndDevelopment": "None",
      "operatingExpenses": "13637000000",
      "investmentIncomeNet": "None",
      "netInterestIncome": "13900000000",
      "interestIncome": "32647000000",
      "interestExpense": "18747000000",
      "nonInterestIncome": "None",
      "otherNonOperatingIncome": "None",
      "depreciation": "None",
      "depreciationAndAmortization": "1136000000",
      "incomeBeforeTax": "4042000000",
      "incomeTaxExpense": "1090000000",
      "interestAndDebtExpense": "None",
      "netIncomeFromContinuingOperations": "2952000000",
      "comprehensiveIncomeNetOfTax": "None",
      "ebit": "3827000000",
      "ebitda": "4963000000",
      "netIncome": "2915000000"
    },
    {
      "fiscalDateEnding": "2023-03-31",
      "reportedCurrency": "USD",
      "grossProfit": "20405000000",
      "totalRevenue": "20405000000",
      "costOfRevenue": "10831000000",
      "costofGoodsAndServicesSold": "10831000000",
      "operatingIncome": "6178000000",
      "sellingGeneralAndAdministrative": "7562000000",
      "researchAndDevelopment": "None",
      "operatingExpenses": "13544000000",
      "investmentIncomeNet": "None",
      "netInterestIncome": "13348000000",
      "interestIncome": "29395000000",
      "interestExpense": "16047000000",
      "nonInterestIncome": "None",
      "otherNonOperatingIncome": "None",
      "depreciation": "None",
      "depreciationAndAmortization": "1111000000",
      "incomeBeforeTax": "6183000000",
      "incomeTaxExpense": "1531000000",
      "interestAndDebtExpense": "None",
      "netIncomeFromContinuingOperations": "4652000000",
      "comprehensiveIncomeNetOfTax": "None",
      "ebit": "6183000000",
      "ebitda": "7294000000",
      "netIncome": "4606000000"
    },
    {
      "fiscalDateEnding": "2022-12-31",
      "reportedCurrency": "USD",
      "grossProfit": "18001000000",
      "totalRevenue": "18001000000",
      "costOfRevenue": "41149000000",
      "costofGoodsAndServicesSold": "41149000000",
      "operatingIncome": "3176000000",
      "sellingGeneralAndAdministrative": "6638000000",
      "researchAndDevelopment": "None",
      "operatingExpenses": "13052000000",
      "investmentIncomeNet": "None",
      "netInterestIncome": "13270000000",
      "interestIncome": "25708000000",
      "interestExpense": "12438000000",
      "nonInterestIncome": "None",
      "otherNonOperatingIncome": "None",
      "depreciation": "None",
      "depreciationAndAmortization": "1108000000",
      "incomeBeforeTax": "3176000000",
      "incomeTaxExpense": "640000000",
      "interestAndDebtExpense": "None",
      "netIncomeFromContinuingOperations": "2536000000",
      "comprehensiveIncomeNetOfTax": "None",
      "ebit": "960000000",
      "ebitda": "2068000000",
      "netIncome": "2513000000"
    },
    {
      "fiscalDateEnding": "2022-09-30",
      "reportedCurrency": "USD",
      "grossProfit": "17884000000",
      "totalRevenue": "17884000000",
      "costOfRevenue": "10197000000",
      "costofGoodsAndServicesSold": "10197000000",
      "operatingIncome": "4358000000",
      "sellingGeneralAndAdministrative": "6770000000",
      "researchAndDevelopment": "None",
      "operatingExpenses": "12776000000",
      "investmentIncomeNet": "None",
      "netInterestIncome": "12563000000",
      "interestIncome": "19919000000",
      "interestExpense": "7356000000",
      "nonInterestIncome": "None",
      "otherNonOperatingIncome": "None",
      "depreciation": "None",
      "depreciationAndAmortization": "1065000000",
      "incomeBeforeTax": "4394000000",
      "incomeTaxExpense": "879000000",
      "interestAndDebtExpense": "None",
      "netIncomeFromContinuingOperations": "3515000000",
      "comprehensiveIncomeNetOfTax": "None",
      "ebit": "6772000000",
      "ebitda": "7837000000",
      "netIncome": "3479000000"
    },
    {
      "fiscalDateEnding": "2022-06-30",
      "reportedCurrency": "USD",
      "grossProfit": "19570000000",
      "totalRevenue": "19570000000",
      "costOfRevenue": "9911000000",
      "costofGoodsAndServicesSold": "9911000000",
      "operatingIncome": "5971000000",
      "sellingGeneralAndAdministrative": "6494000000",
      "researchAndDevelopment": "None",
      "operatingExpenses": "12263000000",
      "investmentIncomeNet": "None",
      "netInterestIncome": "11964000000",
      "interestIncome": "15630000000",
      "interestExpense": "3666000000",
      "nonInterestIncome": "None",
      "otherNonOperatingIncome": "None",
      "depreciation": "None",
      "depreciationAndAmortization": "1074000000",
      "incomeBeforeTax": "5971000000",
      "incomeTaxExpense": "1182000000",
      "interestAndDebtExpense": "None",
      "netIncomeFromContinuingOperations": "4789000000",
      "comprehensiveIncomeNetOfTax": "None",
      "ebit": "5982000000",
      "ebitda": "7056000000",
      "netIncome": "4547000000"
    },
    {
      "fiscalDateEnding": "2022-03-31",
      "reportedCurrency": "USD",
      "grossProfit": "19188000000",
      "totalRevenue": "19188000000",
      "costOfRevenue": "10838000000",
      "costofGoodsAndServicesSold": "10838000000",
      "operatingIncome": "5266000000",
      "sellingGeneralAndAdministrative": "6847000000",
      "researchAndDevelopment": "None",
      "operatingExpenses": "13662000000",
      "investmentIncomeNet": "None",
      "netInterestIncome": "10871000000",
      "interestIncome": "13151000000",
      "interestExpense": "2280000000",
      "nonInterestIncome": "None",
      "otherNonOperatingIncome": "None",
      "depreciation": "None",
      "depreciationAndAmortization": "1015000000",
      "incomeBeforeTax": "5266000000",
      "incomeTaxExpense": "941000000",
      "interestAndDebtExpense": "None",
      "netIncomeFromContinuingOperations": "4325000000",
      "comprehensiveIncomeNetOfTax": "None",
      "ebit": "5266000000",
      "ebitda": "6281000000",
      "netIncome": "4306000000"
    },
    {
      "fiscalDateEnding": "2021-12-31",
      "reportedCurrency": "USD",
      "grossProfit": "17235000000",
      "totalRevenue": "17235000000",
      "costOfRevenue": "38875000000",
      "costofGoodsAndServicesSold": "38875000000",
      "operatingIncome": "3950000000",
      "sellingGeneralAndAdministrative": "7120000000",
      "researchAndDevelopment": "None",
      "operatingExpenses": "12860000000",
      "investmentIncomeNet": "None",
      "netInterestIncome": "10819000000",
      "interestIncome": "12828000000",
      "interestExpense": "1097000000",
      "nonInterestIncome": "None",
      "otherNonOperatingIncome": "None",
      "depreciation": "None",
      "depreciationAndAmortization": "985000000",
      "incomeBeforeTax": "3950000000",
      "incomeTaxExpense": "771000000",
      "interestAndDebtExpense": "None",
      "netIncomeFromContinuingOperations": "3179000000",
      "comprehensiveIncomeNetOfTax": "None",
      "ebit": "1980000000",
      "ebitda": "2965000000",
      "netIncome": "3173000000"
    },
    {
      "fiscalDateEnding": "2021-09-30",
      "reportedCurrency": "USD",
      "grossProfit": "17457000000",
      "totalRevenue": "17457000000",
      "costOfRevenue": "9085000000",
      "costofGoodsAndServicesSold": "9085000000",
      "operatingIncome": "5862000000",
      "sellingGeneralAndAdministrative": "6080000000",
      "researchAndDevelopment": "None",
      "operatingExpenses": "11777000000",
      "investmentIncomeNet": "None",
      "netInterestIncome": "10398000000",
      "interestIncome": "12650000000",
      "interestExpense": "1959000000",
      "nonInterestIncome": "None",
      "otherNonOperatingIncome": "None",
      "depreciation": "None",
      "depreciationAndAmortization": "1035000000",
      "incomeBeforeTax": "5862000000",
      "incomeTaxExpense": "1193000000",
      "interestAndDebtExpense": "None",
      "netIncomeFromContinuingOperations": "4669000000",
      "comprehensiveIncomeNetOfTax": "None",
      "ebit": "5862000000",
      "ebitda": "6897000000",
      "netIncome": "4644000000"
    },
    {
      "fiscalDateEnding": "2021-06-30",
      "reportedCurrency": "USD",
      "grossProfit": "17749000000",
      "totalRevenue": "17749000000",
      "costOfRevenue": "8957000000",
      "costofGoodsAndServicesSold": "8957000000",
      "operatingIncome": "7348000000",
      "sellingGeneralAndAdministrative": "5997000000",
      "researchAndDevelopment": "None",
      "operatingExpenses": "12036000000",
      "investmentIncomeNet": "None",
      "netInterestIncome": "10199000000",
      "interestIncome": "12463000000",
      "interestExpense": "1985000000",
      "nonInterestIncome": "None",
      "otherNonOperatingIncome": "None",
      "depreciation": "None",
      "depreciationAndAmortization": "982000000",
      "incomeBeforeTax": "7348000000",
      "incomeTaxExpense": "1155000000",
      "interestAndDebtExpense": "None",
      "netIncomeFromContinuingOperations": "6193000000",
      "comprehensiveIncomeNetOfTax": "None",
      "ebit": "7348000000",
      "ebitda": "8330000000",
      "netIncome": "6193000000"
    },
    {
      "fiscalDateEnding": "2021-03-31",
      "reportedCurrency": "USD",
      "grossProfit": "19678000000",
      "totalRevenue": "19678000000",
      "costOfRevenue": "8951000000",
      "costofGoodsAndServicesSold": "8951000000",
      "operatingIncome": "10309000000",
      "sellingGeneralAndAdministrative": "6053000000",
      "researchAndDevelopment": "None",
      "operatingExpenses": "10848000000",
      "investmentIncomeNet": "None",
      "netInterestIncome": "10166000000",
      "interestIncome": "12534000000",
      "interestExpense": "2028000000",
      "nonInterestIncome": "None",
      "otherNonOperatingIncome": "None",
      "depreciation": "None",
      "depreciationAndAmortization": "962000000",
      "incomeBeforeTax": "10309000000",
      "incomeTaxExpense": "2332000000",
      "interestAndDebtExpense": "None",
      "netIncomeFromContinuingOperations": "7977000000",
      "comprehensiveIncomeNetOfTax": "None",
      "ebit": "10309000000",
      "ebitda": "11271000000",
      "netIncome": "7942000000"
    },
    {
      "fiscalDateEnding": "2020-12-31",
      "reportedCurrency": "USD",
      "grossProfit": "16513000000",
      "totalRevenue": "16513000000",
      "costOfRevenue": "34571000000",
      "costofGoodsAndServicesSold": "34571000000",
      "operatingIncome": "5441000000",
      "sellingGeneralAndAdministrative": "5357000000",
      "researchAndDevelopment": "None",
      "operatingExpenses": "13873000000",
      "investmentIncomeNet": "None",
      "netInterestIncome": "10483000000",
      "interestIncome": "13047000000",
      "interestExpense": "2564000000",
      "nonInterestIncome": "None",
      "otherNonOperatingIncome": "None",
      "depreciation": "None",
      "depreciationAndAmortization": "1051000000",
      "incomeBeforeTax": "5441000000",
      "incomeTaxExpense": "1116000000",
      "interestAndDebtExpense": "None",
      "netIncomeFromContinuingOperations": "4648000000",
      "comprehensiveIncomeNetOfTax": "None",
      "ebit": "5831000000",
      "ebitda": "6882000000",
      "netIncome": "4632000000"
    },
    {
      "fiscalDateEnding": "2020-09-30",
      "reportedCurrency": "USD",
      "grossProfit": "17318000000",
      "totalRevenue": "17318000000",
      "costOfRevenue": "8835000000",
      "costofGoodsAndServicesSold": "8835000000",
      "operatingIncome": "3954000000",
      "sellingGeneralAndAdministrative": "5653000000",
      "researchAndDevelopment": "None",
      "operatingExpenses": "10964000000",
      "investmentIncomeNet": "None",
      "netInterestIncome": "10493000000",
      "interestIncome": "13314000000",
      "interestExpense": "2821000000",
      "nonInterestIncome": "None",
      "otherNonOperatingIncome": "None",
      "depreciation": "None",
      "depreciationAndAmortization": "1033000000",
      "incomeBeforeTax": "3954000000",
      "incomeTaxExpense": "777000000",
      "interestAndDebtExpense": "None",
      "netIncomeFromContinuingOperations": "3261000000",
      "comprehensiveIncomeNetOfTax": "None",
      "ebit": "1888000000",
      "ebitda": "2921000000",
      "netIncome": "3230000000"
    },
    {
      "fiscalDateEnding": "2020-06-30",
      "reportedCurrency": "USD",
      "grossProfit": "19735000000",
      "totalRevenue": "19735000000",
      "costOfRevenue": "8375000000",
      "costofGoodsAndServicesSold": "8375000000",
      "operatingIncome": "1109000000",
      "sellingGeneralAndAdministrative": "5639000000",
      "researchAndDevelopment": "None",
      "operatingExpenses": "9883000000",
      "investmentIncomeNet": "None",
      "netInterestIncome": "11037000000",
      "interestIncome": "14546000000",
      "interestExpense": "3509000000",
      "nonInterestIncome": "None",
      "otherNonOperatingIncome": "None",
      "depreciation": "None",
      "depreciationAndAmortization": "926000000",
      "incomeBeforeTax": "1109000000",
      "incomeTaxExpense": "52000000",
      "interestAndDebtExpense": "None",
      "netIncomeFromContinuingOperations": "1317000000",
      "comprehensiveIncomeNetOfTax": "None",
      "ebit": "-743000000",
      "ebitda": "183000000",
      "netIncome": "793000000"
    },
    {
      "fiscalDateEnding": "2020-03-31",
      "reportedCurrency": "USD",
      "grossProfit": "20999000000",
      "totalRevenue": "20999000000",
      "costOfRevenue": "8543000000",
      "costofGoodsAndServicesSold": "8543000000",
      "operatingIncome": "3128000000",
      "sellingGeneralAndAdministrative": "5678000000",
      "researchAndDevelopment": "None",
      "operatingExpenses": "11220000000",
      "investmentIncomeNet": "None",
      "netInterestIncome": "11492000000",
      "interestIncome": "17139000000",
      "interestExpense": "5647000000",
      "nonInterestIncome": "None",
      "otherNonOperatingIncome": "None",
      "depreciation": "None",
      "depreciationAndAmortization": "927000000",
      "incomeBeforeTax": "3128000000",
      "incomeTaxExpense": "580000000",
      "interestAndDebtExpense": "None",
      "netIncomeFromContinuingOperations": "2534000000",
      "comprehensiveIncomeNetOfTax": "None",
      "ebit": "1274000000",
      "ebitda": "2201000000",
      "netIncome": "2522000000"
    },
    {
      "fiscalDateEnding": "2019-12-31",
      "reportedCurrency": "USD",
      "grossProfit": "18378000000",
      "totalRevenue": "18378000000",
      "costOfRevenue": "33409000000",
      "costofGoodsAndServicesSold": "33409000000",
      "operatingIncome": "5702000000",
      "sellingGeneralAndAdministrative": "5090000000",
      "researchAndDevelopment": "None",
      "operatingExpenses": "11334000000",
      "investmentIncomeNet": "None",
      "netInterestIncome": "12146000000",
      "interestIncome": "18694000000",
      "interestExpense": "6548000000",
      "nonInterestIncome": "None",
      "otherNonOperatingIncome": "None",
      "depreciation": "None",
      "depreciationAndAmortization": "1039000000",
      "incomeBeforeTax": "5702000000",
      "incomeTaxExpense": "703000000",
      "interestAndDebtExpense": "None",
      "netIncomeFromContinuingOperations": "4999000000",
      "comprehensiveIncomeNetOfTax": "None",
      "ebit": "5117000000",
      "ebitda": "6156000000",
      "netIncome": "4979000000"
    },
    {
      "fiscalDateEnding": "2019-09-30",
      "reportedCurrency": "USD",
      "grossProfit": "18576000000",
      "totalRevenue": "18576000000",
      "costOfRevenue": "8303000000",
      "costofGoodsAndServicesSold": "8303000000",
      "operatingIncome": "6022000000",
      "sellingGeneralAndAdministrative": "5346000000",
      "researchAndDevelopment": "None",
      "operatingExpenses": "10490000000",
      "investmentIncomeNet": "None",
      "netInterestIncome": "11596000000",
      "interestIncome": "19132000000",
      "interestExpense": "7536000000",
      "nonInterestIncome": "None",
      "otherNonOperatingIncome": "None",
      "depreciation": "None",
      "depreciationAndAmortization": "983000000",
      "incomeBeforeTax": "6022000000",
      "incomeTaxExpense": "1079000000",
      "interestAndDebtExpense": "None",
      "netIncomeFromContinuingOperations": "4943000000",
      "comprehensiveIncomeNetOfTax": "None",
      "ebit": "6022000000",
      "ebitda": "7005000000",
      "netIncome": "4913000000"
    },
    {
      "fiscalDateEnding": "2019-06-30",
      "reportedCurrency": "USD",
      "grossProfit": "18758000000",
      "totalRevenue": "18758000000",
      "costOfRevenue": "8342000000",
      "costofGoodsAndServicesSold": "8342000000",
      "operatingIncome": "6165000000",
      "sellingGeneralAndAdministrative": "5400000000",
      "researchAndDevelopment": "None",
      "operatingExpenses": "10504000000",
      "investmentIncomeNet": "None",
      "netInterestIncome": "11895000000",
      "interestIncome": "19657000000",
      "interestExpense": "7762000000",
      "nonInterestIncome": "None",
      "otherNonOperatingIncome": "None",
      "depreciation": "None",
      "depreciationAndAmortization": "952000000",
      "incomeBeforeTax": "6165000000",
      "incomeTaxExpense": "1373000000",
      "interestAndDebtExpense": "None",
      "netIncomeFromContinuingOperations": "4792000000",
      "comprehensiveIncomeNetOfTax": "None",
      "ebit": "6165000000",
      "ebitda": "7117000000",
      "netIncome": "4799000000"
    },
    {
      "fiscalDateEnding": "2019-03-31",
      "reportedCurrency": "USD",
      "grossProfit": "18576000000",
      "totalRevenue": "18576000000",
      "costOfRevenue": "8505000000",
      "costofGoodsAndServicesSold": "8505000000",
      "operatingIncome": "6012000000",
      "sellingGeneralAndAdministrative": "5670000000",
      "researchAndDevelopment": "None",
      "operatingExpenses": "10620000000",
      "investmentIncomeNet": "None",
      "netInterestIncome": "11710000000",
      "interestIncome": "19027000000",
      "interestExpense": "7317000000",
      "nonInterestIncome": "None",
      "otherNonOperatingIncome": "None",
      "depreciation": "None",
      "depreciationAndAmortization": "931000000",
      "incomeBeforeTax": "6012000000",
      "incomeTaxExpense": "1275000000",
      "interestAndDebtExpense": "None",
      "netIncomeFromContinuingOperations": "4737000000",
      "comprehensiveIncomeNetOfTax": "None",
      "ebit": "6012000000",
      "ebitda": "6943000000",
      "netIncome": "4710000000"
    },
    {
      "fiscalDateEnding": "2018-12-31",
      "reportedCurrency": "USD",
      "grossProfit": "17124000000",
      "totalRevenue": "17124000000",
      "costOfRevenue": "33103000000",
      "costofGoodsAndServicesSold": "33103000000",
      "operatingIncome": "5306000000",
      "sellingGeneralAndAdministrative": "4604000000",
      "researchAndDevelopment": "0",
      "operatingExpenses": "9968000000",
      "investmentIncomeNet": "None",
      "netInterestIncome": "None",
      "interestIncome": "None",
      "interestExpense": "6853000000",
      "nonInterestIncome": "None",
      "otherNonOperatingIncome": "None",
      "depreciation": "None",
      "depreciationAndAmortization": "954000000",
      "incomeBeforeTax": "5306000000",
      "incomeTaxExpense": "1001000000",
      "interestAndDebtExpense": "None",
      "netIncomeFromContinuingOperations": "4305000000",
      "comprehensiveIncomeNetOfTax": "None",
      "ebit": "5297000000",
      "ebitda": "6251000000",
      "netIncome": "4313000000"
    },
    {
      "fiscalDateEnding": "2018-09-30",
      "reportedCurrency": "USD",
      "grossProfit": "18389000000",
      "totalRevenue": "18389000000",
      "costOfRevenue": "8127000000",
      "costofGoodsAndServicesSold": "8127000000",
      "operatingIncome": "6104000000",
      "sellingGeneralAndAdministrative": "5345000000",
      "researchAndDevelopment": "0",
      "operatingExpenses": "10379000000",
      "investmentIncomeNet": "None",
      "netInterestIncome": "None",
      "interestIncome": "None",
      "interestExpense": "6368000000",
      "nonInterestIncome": "None",
      "otherNonOperatingIncome": "None",
      "depreciation": "None",
      "depreciationAndAmortization": "945000000",
      "incomeBeforeTax": "6104000000",
      "incomeTaxExpense": "1471000000",
      "interestAndDebtExpense": "None",
      "netIncomeFromContinuingOperations": "4633000000",
      "comprehensiveIncomeNetOfTax": "None",
      "ebit": "6104000000",
      "ebitda": "7049000000",
      "netIncome": "4622000000"
    },
    {
      "fiscalDateEnding": "2018-06-30",
      "reportedCurrency": "USD",
      "grossProfit": "18469000000",
      "totalRevenue": "18469000000",
      "costOfRevenue": "8504000000",
      "costofGoodsAndServicesSold": "8504000000",
      "operatingIncome": "5945000000",
      "sellingGeneralAndAdministrative": "5473000000",
      "researchAndDevelopment": "0",
      "operatingExpenses": "10729000000",
      "investmentIncomeNet": "None",
      "netInterestIncome": "None",
      "interestIncome": "None",
      "interestExpense": "5885000000",
      "nonInterestIncome": "None",
      "otherNonOperatingIncome": "None",
      "depreciation": "None",
      "depreciationAndAmortization": "929000000",
      "incomeBeforeTax": "5945000000",
      "incomeTaxExpense": "1444000000",
      "interestAndDebtExpense": "None",
      "netIncomeFromContinuingOperations": "4501000000",
      "comprehensiveIncomeNetOfTax": "None",
      "ebit": "5945000000",
      "ebitda": "6874000000",
      "netIncome": "4490000000"
    },
    {
      "fiscalDateEnding": "2018-03-31",
      "reportedCurrency": "USD",
      "grossProfit": "18872000000",
      "totalRevenue": "18872000000",
      "costOfRevenue": "8786000000",
      "costofGoodsAndServicesSold": "8786000000",
      "operatingIncome": "6090000000",
      "sellingGeneralAndAdministrative": "5833000000",
      "researchAndDevelopment": "0",
      "operatingExpenses": "10979000000",
      "investmentIncomeNet": "None",
      "netInterestIncome": "None",
      "interestIncome": "None",
      "interestExpense": "5160000000",
      "nonInterestIncome": "None",
      "otherNonOperatingIncome": "None",
      "depreciation": "None",
      "depreciationAndAmortization": "926000000",
      "incomeBeforeTax": "6090000000",
      "incomeTaxExpense": "1441000000",
      "interestAndDebtExpense": "None",
      "netIncomeFromContinuingOperations": "4649000000",
      "comprehensiveIncomeNetOfTax": "None",
      "ebit": "6090000000",
      "ebitda": "7016000000",
      "netIncome": "4620000000"
    },
    {
      "fiscalDateEnding": "2017-12-31",
      "reportedCurrency": "USD",
      "grossProfit": "17255000000",
      "totalRevenue": "17255000000",
      "costOfRevenue": "32738000000",
      "costofGoodsAndServicesSold": "32738000000",
      "operatingIncome": "5430000000",
      "sellingGeneralAndAdministrative": "4908000000",
      "researchAndDevelopment": "0",
      "operatingExpenses": "10720000000",
      "investmentIncomeNet": "None",
      "netInterestIncome": "None",
      "interestIncome": "None",
      "interestExpense": "4536000000",
      "nonInterestIncome": "None",
      "otherNonOperatingIncome": "None",
      "depreciation": "None",
      "depreciationAndAmortization": "942000000",
      "incomeBeforeTax": "5099000000",
      "incomeTaxExpense": "23864000000",
      "interestAndDebtExpense": "None",
      "netIncomeFromContinuingOperations": "-18765000000",
      "comprehensiveIncomeNetOfTax": "None",
      "ebit": "5099000000",
      "ebitda": "6041000000",
      "netIncome": "-18985000000"
    },
    {
      "fiscalDateEnding": "2017-09-30",
      "reportedCurrency": "USD",
      "grossProfit": "18419000000",
      "totalRevenue": "18419000000",
      "costOfRevenue": "7995000000",
      "costofGoodsAndServicesSold": "7995000000",
      "operatingIncome": "6003000000",
      "sellingGeneralAndAdministrative": "5332000000",
      "researchAndDevelopment": "0",
      "operatingExpenses": "10270000000",
      "investmentIncomeNet": "None",
      "netInterestIncome": "None",
      "interestIncome": "None",
      "interestExpense": "4379000000",
      "nonInterestIncome": "None",
      "otherNonOperatingIncome": "None",
      "depreciation": "None",
      "depreciationAndAmortization": "920000000",
      "incomeBeforeTax": "6003000000",
      "incomeTaxExpense": "1866000000",
      "interestAndDebtExpense": "None",
      "netIncomeFromContinuingOperations": "4137000000",
      "comprehensiveIncomeNetOfTax": "None",
      "ebit": "6003000000",
      "ebitda": "6923000000",
      "netIncome": "4133000000"
    },
    {
      "fiscalDateEnding": "2017-06-30",
      "reportedCurrency": "USD",
      "grossProfit": "18267000000",
      "totalRevenue": "18267000000",
      "costOfRevenue": "8384000000",
      "costofGoodsAndServicesSold": "8384000000",
      "operatingIncome": "5678000000",
      "sellingGeneralAndAdministrative": "5486000000",
      "researchAndDevelopment": "0",
      "operatingExpenses": "10811000000",
      "investmentIncomeNet": "None",
      "netInterestIncome": "None",
      "interestIncome": "None",
      "interestExpense": "4036000000",
      "nonInterestIncome": "None",
      "otherNonOperatingIncome": "None",
      "depreciation": "None",
      "depreciationAndAmortization": "901000000",
      "incomeBeforeTax": "5678000000",
      "incomeTaxExpense": "1795000000",
      "interestAndDebtExpense": "None",
      "netIncomeFromContinuingOperations": "3883000000",
      "comprehensiveIncomeNetOfTax": "None",
      "ebit": "5678000000",
      "ebitda": "6579000000",
      "netIncome": "3872000000"
    },
    {
      "fiscalDateEnding": "2017-03-31",
      "reportedCurrency": "USD",
      "grossProfit": "18366000000",
      "totalRevenue": "18366000000",
      "costOfRevenue": "8445000000",
      "costofGoodsAndServicesSold": "8445000000",
      "operatingIncome": "5981000000",
      "sellingGeneralAndAdministrative": "5564000000",
      "researchAndDevelopment": "0",
      "operatingExpenses": "10710000000",
      "investmentIncomeNet": "None",
      "netInterestIncome": "None",
      "interestIncome": "None",
      "interestExpense": "3566000000",
      "nonInterestIncome": "None",
      "otherNonOperatingIncome": "None",
      "depreciation": "None",
      "depreciationAndAmortization": "896000000",
      "incomeBeforeTax": "5981000000",
      "incomeTaxExpense": "1863000000",
      "interestAndDebtExpense": "None",
      "netIncomeFromContinuingOperations": "4118000000",
      "comprehensiveIncomeNetOfTax": "None",
      "ebit": "5981000000",
      "ebitda": "6877000000",
      "netIncome": "4090000000"
    },
    {
      "fiscalDateEnding": "2016-12-31",
      "reportedCurrency": "USD",
      "grossProfit": "17012000000",
      "totalRevenue": "17012000000",
      "costOfRevenue": "33099000000",
      "costofGoodsAndServicesSold": "33099000000",
      "operatingIncome": "5100000000",
      "sellingGeneralAndAdministrative": "5014000000",
      "researchAndDevelopment": "0",
      "operatingExpenses": "10185000000",
      "investmentIncomeNet": "None",
      "netInterestIncome": "None",
      "interestIncome": "None",
      "interestExpense": "3277000000",
      "nonInterestIncome": "None",
      "otherNonOperatingIncome": "None",
      "depreciation": "None",
      "depreciationAndAmortization": "1006000000",
      "incomeBeforeTax": "5100000000",
      "incomeTaxExpense": "1509000000",
      "interestAndDebtExpense": "None",
      "netIncomeFromContinuingOperations": "3591000000",
      "comprehensiveIncomeNetOfTax": "None",
      "ebit": "5100000000",
      "ebitda": "6106000000",
      "netIncome": "3573000000"
    },
    {
      "fiscalDateEnding": "2016-09-30",
      "reportedCurrency": "USD",
      "grossProfit": "17760000000",
      "totalRevenue": "17760000000",
      "costOfRevenue": "8307000000",
      "costofGoodsAndServicesSold": "8307000000",
      "operatingIncome": "5620000000",
      "sellingGeneralAndAdministrative": "5238000000",
      "researchAndDevelopment": "0",
      "operatingExpenses": "10394000000",
      "investmentIncomeNet": "None",
      "netInterestIncome": "None",
      "interestIncome": "None",
      "interestExpense": "3174000000",
      "nonInterestIncome": "None",
      "otherNonOperatingIncome": "None",
      "depreciation": "None",
      "depreciationAndAmortization": "938000000",
      "incomeBeforeTax": "5620000000",
      "incomeTaxExpense": "1733000000",
      "interestAndDebtExpense": "None",
      "netIncomeFromContinuingOperations": "3887000000",
      "comprehensiveIncomeNetOfTax": "None",
      "ebit": "5620000000",
      "ebitda": "6558000000",
      "netIncome": "3840000000"
    },
    {
      "fiscalDateEnding": "2016-06-30",
      "reportedCurrency": "USD",
      "grossProfit": "17548000000",
      "totalRevenue": "17548000000",
      "costOfRevenue": "8279000000",
      "costofGoodsAndServicesSold": "8279000000",
      "operatingIncome": "5770000000",
      "sellingGeneralAndAdministrative": "5278000000",
      "researchAndDevelopment": "0",
      "operatingExpenses": "10388000000",
      "investmentIncomeNet": "None",
      "netInterestIncome": "None",
      "interestIncome": "None",
      "interestExpense": "3120000000",
      "nonInterestIncome": "None",
      "otherNonOperatingIncome": "None",
      "depreciation": "None",
      "depreciationAndAmortization": "868000000",
      "incomeBeforeTax": "5770000000",
      "incomeTaxExpense": "1723000000",
      "interestAndDebtExpense": "None",
      "netIncomeFromContinuingOperations": "4047000000",
      "comprehensiveIncomeNetOfTax": "None",
      "ebit": "4034000000",
      "ebitda": "4902000000",
      "netIncome": "3998000000"
    },
    {
      "fiscalDateEnding": "2016-03-31",
      "reportedCurrency": "USD",
      "grossProfit": "17555000000",
      "totalRevenue": "17555000000",
      "costOfRevenue": "8484000000",
      "costofGoodsAndServicesSold": "8484000000",
      "operatingIncome": "4987000000",
      "sellingGeneralAndAdministrative": "5644000000",
      "researchAndDevelopment": "0",
      "operatingExpenses": "10682000000",
      "investmentIncomeNet": "None",
      "netInterestIncome": "None",
      "interestIncome": "None",
      "interestExpense": "2940000000",
      "nonInterestIncome": "None",
      "otherNonOperatingIncome": "None",
      "depreciation": "None",
      "depreciationAndAmortization": "908000000",
      "incomeBeforeTax": "4987000000",
      "incomeTaxExpense": "1479000000",
      "interestAndDebtExpense": "None",
      "netIncomeFromContinuingOperations": "3508000000",
      "comprehensiveIncomeNetOfTax": "None",
      "ebit": "3171000000",
      "ebitda": "4079000000",
      "netIncome": "3501000000"
    },
    {
      "fiscalDateEnding": "2015-12-31",
      "reportedCurrency": "USD",
      "grossProfit": "18456000000",
      "totalRevenue": "18456000000",
      "costOfRevenue": "35487000000",
      "costofGoodsAndServicesSold": "35487000000",
      "operatingIncome": "4808000000",
      "sellingGeneralAndAdministrative": "5609000000",
      "researchAndDevelopment": "0",
      "operatingExpenses": "11392000000",
      "investmentIncomeNet": "None",
      "netInterestIncome": "None",
      "interestIncome": "None",
      "interestExpense": "2901000000",
      "nonInterestIncome": "None",
      "otherNonOperatingIncome": "None",
      "depreciation": "None",
      "depreciationAndAmortization": "874000000",
      "incomeBeforeTax": "4808000000",
      "incomeTaxExpense": "1403000000",
      "interestAndDebtExpense": "None",
      "netIncomeFromContinuingOperations": "3405000000",
      "comprehensiveIncomeNetOfTax": "None",
      "ebit": "3060000000",
      "ebitda": "3934000000",
      "netIncome": "3335000000"
    },
    {
      "fiscalDateEnding": "2015-09-30",
      "reportedCurrency": "USD",
      "grossProfit": "18692000000",
      "totalRevenue": "18692000000",
      "costOfRevenue": "8650000000",
      "costofGoodsAndServicesSold": "8650000000",
      "operatingIncome": "6187000000",
      "sellingGeneralAndAdministrative": "5510000000",
      "researchAndDevelopment": "0",
      "operatingExpenses": "10923000000",
      "investmentIncomeNet": "None",
      "netInterestIncome": "None",
      "interestIncome": "None",
      "interestExpense": "2941000000",
      "nonInterestIncome": "None",
      "otherNonOperatingIncome": "None",
      "depreciation": "None",
      "depreciationAndAmortization": "865000000",
      "incomeBeforeTax": "6187000000",
      "incomeTaxExpense": "1881000000",
      "interestAndDebtExpense": "None",
      "netIncomeFromContinuingOperations": "4306000000",
      "comprehensiveIncomeNetOfTax": "None",
      "ebit": "4457000000",
      "ebitda": "5322000000",
      "netIncome": "4291000000"
    },
    {
      "fiscalDateEnding": "2015-06-30",
      "reportedCurrency": "USD",
      "grossProfit": "19470000000",
      "totalRevenue": "19470000000",
      "costOfRevenue": "8879000000",
      "costofGoodsAndServicesSold": "8879000000",
      "operatingIncome": "6894000000",
      "sellingGeneralAndAdministrative": "5664000000",
      "researchAndDevelopment": "0",
      "operatingExpenses": "11061000000",
      "investmentIncomeNet": "None",
      "netInterestIncome": "None",
      "interestIncome": "None",
      "interestExpense": "3051000000",
      "nonInterestIncome": "None",
      "otherNonOperatingIncome": "None",
      "depreciation": "None",
      "depreciationAndAmortization": "882000000",
      "incomeBeforeTax": "6894000000",
      "incomeTaxExpense": "2036000000",
      "interestAndDebtExpense": "None",
      "netIncomeFromContinuingOperations": "4858000000",
      "comprehensiveIncomeNetOfTax": "None",
      "ebit": "5130000000",
      "ebitda": "6012000000",
      "netIncome": "4846000000"
    },
    {
      "fiscalDateEnding": "2015-03-31",
      "reportedCurrency": "USD",
      "grossProfit": "19736000000",
      "totalRevenue": "19736000000",
      "costOfRevenue": "8892000000",
      "costofGoodsAndServicesSold": "8892000000",
      "operatingIncome": "6937000000",
      "sellingGeneralAndAdministrative": "5520000000",
      "researchAndDevelopment": "0",
      "operatingExpenses": "11044000000",
      "investmentIncomeNet": "None",
      "netInterestIncome": "None",
      "interestIncome": "None",
      "interestExpense": "3028000000",
      "nonInterestIncome": "None",
      "otherNonOperatingIncome": "None",
      "depreciation": "None",
      "depreciationAndAmortization": "885000000",
      "incomeBeforeTax": "6937000000",
      "incomeTaxExpense": "2120000000",
      "interestAndDebtExpense": "None",
      "netIncomeFromContinuingOperations": "4817000000",
      "comprehensiveIncomeNetOfTax": "None",
      "ebit": "5167000000",
      "ebitda": "6052000000",
      "netIncome": "4770000000"
    },
    {
      "fiscalDateEnding": "2014-12-31",
      "reportedCurrency": "USD",
      "grossProfit": "17812000000",
      "totalRevenue": "17812000000",
      "costOfRevenue": "46771000000",
      "costofGoodsAndServicesSold": "46771000000",
      "operatingIncome": "1460000000",
      "sellingGeneralAndAdministrative": "6608000000",
      "researchAndDevelopment": "0",
      "operatingExpenses": "14558000000",
      "investmentIncomeNet": "None",
      "netInterestIncome": "None",
      "interestIncome": "None",
      "interestExpense": "3159000000",
      "nonInterestIncome": "None",
      "otherNonOperatingIncome": "None",
      "depreciation": "None",
      "depreciationAndAmortization": "916000000",
      "incomeBeforeTax": "1460000000",
      "incomeTaxExpense": "1077000000",
      "interestAndDebtExpense": "None",
      "netIncomeFromContinuingOperations": "382000000",
      "comprehensiveIncomeNetOfTax": "None",
      "ebit": "-372000000",
      "ebitda": "544000000",
      "netIncome": "183000000"
    },
    {
      "fiscalDateEnding": "2014-09-30",
      "reportedCurrency": "USD",
      "grossProfit": "19689000000",
      "totalRevenue": "19689000000",
      "costOfRevenue": "10883000000",
      "costofGoodsAndServicesSold": "10883000000",
      "operatingIncome": "4984000000",
      "sellingGeneralAndAdministrative": "6319000000",
      "researchAndDevelopment": "0",
      "operatingExpenses": "13130000000",
      "investmentIncomeNet": "None",
      "netInterestIncome": "None",
      "interestIncome": "None",
      "interestExpense": "3325000000",
      "nonInterestIncome": "None",
      "otherNonOperatingIncome": "None",
      "depreciation": "None",
      "depreciationAndAmortization": "934000000",
      "incomeBeforeTax": "4984000000",
      "incomeTaxExpense": "2068000000",
      "interestAndDebtExpense": "None",
      "netIncomeFromContinuingOperations": "2914000000",
      "comprehensiveIncomeNetOfTax": "None",
      "ebit": "3116000000",
      "ebitda": "4050000000",
      "netIncome": "2685000000"
    },
    {
      "fiscalDateEnding": "2014-06-30",
      "reportedCurrency": "USD",
      "grossProfit": "19425000000",
      "totalRevenue": "19425000000",
      "costOfRevenue": "13442000000",
      "costofGoodsAndServicesSold": "13442000000",
      "operatingIncome": "2174000000",
      "sellingGeneralAndAdministrative": "6210000000",
      "researchAndDevelopment": "0",
      "operatingExpenses": "15672000000",
      "investmentIncomeNet": "None",
      "netInterestIncome": "None",
      "interestIncome": "None",
      "interestExpense": "3615000000",
      "nonInterestIncome": "None",
      "otherNonOperatingIncome": "None",
      "depreciation": "None",
      "depreciationAndAmortization": "896000000",
      "incomeBeforeTax": "2174000000",
      "incomeTaxExpense": "1921000000",
      "interestAndDebtExpense": "None",
      "netIncomeFromContinuingOperations": "253000000",
      "comprehensiveIncomeNetOfTax": "None",
      "ebit": "382000000",
      "ebitda": "1278000000",
      "netIncome": "102000000"
    },
    {
      "fiscalDateEnding": "2014-03-31",
      "reportedCurrency": "USD",
      "grossProfit": "20206000000",
      "totalRevenue": "20206000000",
      "costOfRevenue": "10161000000",
      "costofGoodsAndServicesSold": "10161000000",
      "operatingIncome": "6083000000",
      "sellingGeneralAndAdministrative": "6218000000",
      "researchAndDevelopment": "0",
      "operatingExpenses": "12330000000",
      "investmentIncomeNet": "None",
      "netInterestIncome": "None",
      "interestIncome": "None",
      "interestExpense": "3591000000",
      "nonInterestIncome": "None",
      "otherNonOperatingIncome": "None",
      "depreciation": "None",
      "depreciationAndAmortization": "843000000",
      "incomeBeforeTax": "6083000000",
      "incomeTaxExpense": "2131000000",
      "interestAndDebtExpense": "None",
      "netIncomeFromContinuingOperations": "3951000000",
      "comprehensiveIncomeNetOfTax": "None",
      "ebit": "4397000000",
      "ebitda": "5240000000",
      "netIncome": "3943000000"
    },
    {
      "fiscalDateEnding": "2013-12-31",
      "reportedCurrency": "USD",
      "grossProfit": "17780000000",
      "totalRevenue": "17780000000",
      "costOfRevenue": "40331000000",
      "costofGoodsAndServicesSold": "40331000000",
      "operatingIncome": "3415000000",
      "sellingGeneralAndAdministrative": "6559000000",
      "researchAndDevelopment": "0",
      "operatingExpenses": "12453000000",
      "investmentIncomeNet": "None",
      "netInterestIncome": "None",
      "interestIncome": "None",
      "interestExpense": "3737000000",
      "nonInterestIncome": "None",
      "otherNonOperatingIncome": "None",
      "depreciation": "None",
      "depreciationAndAmortization": "852000000",
      "incomeBeforeTax": "3415000000",
      "incomeTaxExpense": "1090000000",
      "interestAndDebtExpense": "None",
      "netIncomeFromContinuingOperations": "2291000000",
      "comprehensiveIncomeNetOfTax": "None",
      "ebit": "1711000000",
      "ebitda": "2563000000",
      "netIncome": "2691000000"
    },
    {
      "fiscalDateEnding": "2013-09-30",
      "reportedCurrency": "USD",
      "grossProfit": "17904000000",
      "totalRevenue": "17904000000",
      "costOfRevenue": "9629000000",
      "costofGoodsAndServicesSold": "9629000000",
      "operatingIncome": "4266000000",
      "sellingGeneralAndAdministrative": "5828000000",
      "researchAndDevelopment": "0",
      "operatingExpenses": "11986000000",
      "investmentIncomeNet": "None",
      "netInterestIncome": "None",
      "interestIncome": "None",
      "interestExpense": "3952000000",
      "nonInterestIncome": "None",
      "otherNonOperatingIncome": "None",
      "depreciation": "None",
      "depreciationAndAmortization": "1233000000",
      "incomeBeforeTax": "4266000000",
      "incomeTaxExpense": "1080000000",
      "interestAndDebtExpense": "None",
      "netIncomeFromContinuingOperations": "3186000000",
      "comprehensiveIncomeNetOfTax": "None",
      "ebit": "1800000000",
      "ebitda": "3033000000",
      "netIncome": "3227000000"
    },
    {
      "fiscalDateEnding": "2013-06-30",
      "reportedCurrency": "USD",
      "grossProfit": "20488000000",
      "totalRevenue": "20488000000",
      "costOfRevenue": "10174000000",
      "costofGoodsAndServicesSold": "10174000000",
      "operatingIncome": "6315000000",
      "sellingGeneralAndAdministrative": "6075000000",
      "researchAndDevelopment": "0",
      "operatingExpenses": "12346000000",
      "investmentIncomeNet": "None",
      "netInterestIncome": "None",
      "interestIncome": "None",
      "interestExpense": "4158000000",
      "nonInterestIncome": "None",
      "otherNonOperatingIncome": "None",
      "depreciation": "None",
      "depreciationAndAmortization": "615000000",
      "incomeBeforeTax": "6315000000",
      "incomeTaxExpense": "2127000000",
      "interestAndDebtExpense": "None",
      "netIncomeFromContinuingOperations": "4188000000",
      "comprehensiveIncomeNetOfTax": "None",
      "ebit": "5085000000",
      "ebitda": "5700000000",
      "netIncome": "4182000000"
    },
    {
      "fiscalDateEnding": "2013-03-31",
      "reportedCurrency": "USD",
      "grossProfit": "20248000000",
      "totalRevenue": "20248000000",
      "costOfRevenue": "10388000000",
      "costofGoodsAndServicesSold": "10388000000",
      "operatingIncome": "5501000000",
      "sellingGeneralAndAdministrative": "6335000000",
      "researchAndDevelopment": "0",
      "operatingExpenses": "12533000000",
      "investmentIncomeNet": "None",
      "netInterestIncome": "None",
      "interestIncome": "None",
      "interestExpense": "4330000000",
      "nonInterestIncome": "None",
      "otherNonOperatingIncome": "None",
      "depreciation": "None",
      "depreciationAndAmortization": "603000000",
      "incomeBeforeTax": "5501000000",
      "incomeTaxExpense": "1570000000",
      "interestAndDebtExpense": "None",
      "netIncomeFromContinuingOperations": "3965000000",
      "comprehensiveIncomeNetOfTax": "None",
      "ebit": "4295000000",
      "ebitda": "4898000000",
      "netIncome": "3808000000"
    },
    {
      "fiscalDateEnding": "2012-12-31",
      "reportedCurrency": "USD",
      "grossProfit": "18174000000",
      "totalRevenue": "18174000000",
      "costOfRevenue": "42380000000",
      "costofGoodsAndServicesSold": "42380000000",
      "operatingIncome": "1095000000",
      "sellingGeneralAndAdministrative": "3119000000",
      "researchAndDevelopment": "0",
      "operatingExpenses": "13984000000",
      "investmentIncomeNet": "None",
      "netInterestIncome": "None",
      "interestIncome": "None",
      "interestExpense": "4628000000",
      "nonInterestIncome": "None",
      "otherNonOperatingIncome": "None",
      "depreciation": "None",
      "depreciationAndAmortization": "243000000",
      "incomeBeforeTax": "1095000000",
      "incomeTaxExpense": "214000000",
      "interestAndDebtExpense": "None",
      "netIncomeFromContinuingOperations": "1336000000",
      "comprehensiveIncomeNetOfTax": "None",
      "ebit": "609000000",
      "ebitda": "852000000",
      "netIncome": "1196000000"
    },
    {
      "fiscalDateEnding": "2012-09-30",
      "reportedCurrency": "USD",
      "grossProfit": "13703000000",
      "totalRevenue": "13703000000",
      "costOfRevenue": "10150000000",
      "costofGoodsAndServicesSold": "10150000000",
      "operatingIncome": "524000000",
      "sellingGeneralAndAdministrative": "6113000000",
      "researchAndDevelopment": "0",
      "operatingExpenses": "2070000000",
      "investmentIncomeNet": "None",
      "netInterestIncome": "None",
      "interestIncome": "None",
      "interestExpense": "5026000000",
      "nonInterestIncome": "None",
      "otherNonOperatingIncome": "None",
      "depreciation": "None",
      "depreciationAndAmortization": "752000000",
      "incomeBeforeTax": "-964000000",
      "incomeTaxExpense": "-1488000000",
      "interestAndDebtExpense": "None",
      "netIncomeFromContinuingOperations": "524000000",
      "comprehensiveIncomeNetOfTax": "None",
      "ebit": "-980000000",
      "ebitda": "-228000000",
      "netIncome": "468000000"
    },
    {
      "fiscalDateEnding": "2012-06-30",
      "reportedCurrency": "USD",
      "grossProfit": "18387000000",
      "totalRevenue": "18387000000",
      "costOfRevenue": "10062000000",
      "costofGoodsAndServicesSold": "10062000000",
      "operatingIncome": "2987000000",
      "sellingGeneralAndAdministrative": "6110000000",
      "researchAndDevelopment": "0",
      "operatingExpenses": "2072000000",
      "investmentIncomeNet": "None",
      "netInterestIncome": "None",
      "interestIncome": "None",
      "interestExpense": "5343000000",
      "nonInterestIncome": "None",
      "otherNonOperatingIncome": "None",
      "depreciation": "None",
      "depreciationAndAmortization": "774000000",
      "incomeBeforeTax": "3702000000",
      "incomeTaxExpense": "715000000",
      "interestAndDebtExpense": "None",
      "netIncomeFromContinuingOperations": "2987000000",
      "comprehensiveIncomeNetOfTax": "None",
      "ebit": "1439000000",
      "ebitda": "2213000000",
      "netIncome": "2946000000"
    },
    {
      "fiscalDateEnding": "2012-03-31",
      "reportedCurrency": "USD",
      "grossProfit": "19406000000",
      "totalRevenue": "19406000000",
      "costOfRevenue": "10434000000",
      "costofGoodsAndServicesSold": "10434000000",
      "operatingIncome": "3062000000",
      "sellingGeneralAndAdministrative": "6385000000",
      "researchAndDevelopment": "0",
      "operatingExpenses": "1885000000",
      "investmentIncomeNet": "None",
      "netInterestIncome": "None",
      "interestIncome": "None",
      "interestExpense": "5590000000",
      "nonInterestIncome": "None",
      "otherNonOperatingIncome": "None",
      "depreciation": "None",
      "depreciationAndAmortization": "738000000",
      "incomeBeforeTax": "4068000000",
      "incomeTaxExpense": "1006000000",
      "interestAndDebtExpense": "None",
      "netIncomeFromContinuingOperations": "3062000000",
      "comprehensiveIncomeNetOfTax": "None",
      "ebit": "1586000000",
      "ebitda": "2324000000",
      "netIncome": "2931000000"
    },
    {
      "fiscalDateEnding": "2011-12-31",
      "reportedCurrency": "USD",
      "grossProfit": "17174000000",
      "totalRevenue": "17174000000",
      "costOfRevenue": "43454000000",
      "costofGoodsAndServicesSold": "43454000000",
      "operatingIncome": "11103000000",
      "sellingGeneralAndAdministrative": "3564000000",
      "researchAndDevelopment": "0",
      "operatingExpenses": "50933000000",
      "investmentIncomeNet": "None",
      "netInterestIncome": "None",
      "interestIncome": "None",
      "interestExpense": "5712000000",
      "nonInterestIncome": "None",
      "otherNonOperatingIncome": "None",
      "depreciation": "None",
      "depreciationAndAmortization": "737000000",
      "incomeBeforeTax": "1364000000",
      "incomeTaxExpense": "157000000",
      "interestAndDebtExpense": "None",
      "netIncomeFromContinuingOperations": "998000000",
      "comprehensiveIncomeNetOfTax": "None",
      "ebit": "9629000000",
      "ebitda": "10366000000",
      "netIncome": "1165000000"
    },
    {
      "fiscalDateEnding": "2011-09-30",
      "reportedCurrency": "USD",
      "grossProfit": "20831000000",
      "totalRevenue": "20831000000",
      "costOfRevenue": "10519000000",
      "costofGoodsAndServicesSold": "10519000000",
      "operatingIncome": "3742000000",
      "sellingGeneralAndAdministrative": "7529000000",
      "researchAndDevelopment": "0",
      "operatingExpenses": "1941000000",
      "investmentIncomeNet": "None",
      "netInterestIncome": "None",
      "interestIncome": "None",
      "interestExpense": "6031000000",
      "nonInterestIncome": "None",
      "otherNonOperatingIncome": "None",
      "depreciation": "None",
      "depreciationAndAmortization": "744000000",
      "incomeBeforeTax": "5020000000",
      "incomeTaxExpense": "1278000000",
      "interestAndDebtExpense": "None",
      "netIncomeFromContinuingOperations": "3742000000",
      "comprehensiveIncomeNetOfTax": "None",
      "ebit": "2254000000",
      "ebitda": "2998000000",
      "netIncome": "3771000000"
    },
    {
      "fiscalDateEnding": "2011-06-30",
      "reportedCurrency": "USD",
      "grossProfit": "20622000000",
      "totalRevenue": "20622000000",
      "costOfRevenue": "11034000000",
      "costofGoodsAndServicesSold": "11034000000",
      "operatingIncome": "3332000000",
      "sellingGeneralAndAdministrative": "7944000000",
      "researchAndDevelopment": "0",
      "operatingExpenses": "1902000000",
      "investmentIncomeNet": "None",
      "netInterestIncome": "None",
      "interestIncome": "None",
      "interestExpense": "6438000000",
      "nonInterestIncome": "None",
      "otherNonOperatingIncome": "None",
      "depreciation": "None",
      "depreciationAndAmortization": "720000000",
      "incomeBeforeTax": "4299000000",
      "incomeTaxExpense": "967000000",
      "interestAndDebtExpense": "None",
      "netIncomeFromContinuingOperations": "3332000000",
      "comprehensiveIncomeNetOfTax": "None",
      "ebit": "1892000000",
      "ebitda": "2612000000",
      "netIncome": "3341000000"
    },
    {
      "fiscalDateEnding": "2011-03-31",
      "reportedCurrency": "USD",
      "grossProfit": "19726000000",
      "totalRevenue": "19726000000",
      "costOfRevenue": "10715000000",
      "costofGoodsAndServicesSold": "10715000000",
      "operatingIncome": "3031000000",
      "sellingGeneralAndAdministrative": "7623000000",
      "researchAndDevelopment": "0",
      "operatingExpenses": "1611000000",
      "investmentIncomeNet": "None",
      "netInterestIncome": "None",
      "interestIncome": "None",
      "interestExpense": "6053000000",
      "nonInterestIncome": "None",
      "otherNonOperatingIncome": "None",
      "depreciation": "None",
      "depreciationAndAmortization": "671000000",
      "incomeBeforeTax": "4216000000",
      "incomeTaxExpense": "1185000000",
      "interestAndDebtExpense": "None",
      "netIncomeFromContinuingOperations": "3031000000",
      "comprehensiveIncomeNetOfTax": "None",
      "ebit": "1689000000",
      "ebitda": "2360000000",
      "netIncome": "2999000000"
    },
    {
      "fiscalDateEnding": "2010-12-31",
      "reportedCurrency": "USD",
      "grossProfit": "17191000000",
      "totalRevenue": "17191000000",
      "costOfRevenue": "40806000000",
      "costofGoodsAndServicesSold": "40806000000",
      "operatingIncome": "10951000000",
      "sellingGeneralAndAdministrative": "3877000000",
      "researchAndDevelopment": "0",
      "operatingExpenses": "47375000000",
      "investmentIncomeNet": "None",
      "netInterestIncome": "None",
      "interestIncome": "None",
      "interestExpense": "6069000000",
      "nonInterestIncome": "None",
      "otherNonOperatingIncome": "None",
      "depreciation": "None",
      "depreciationAndAmortization": "1285000000",
      "incomeBeforeTax": "1060000000",
      "incomeTaxExpense": "-313000000",
      "interestAndDebtExpense": "None",
      "netIncomeFromContinuingOperations": "1373000000",
      "comprehensiveIncomeNetOfTax": "None",
      "ebit": "8381000000",
      "ebitda": "9666000000",
      "netIncome": "1309000000"
    },
    {
      "fiscalDateEnding": "2010-09-30",
      "reportedCurrency": "USD",
      "grossProfit": "20738000000",
      "totalRevenue": "20738000000",
      "costOfRevenue": "9931000000",
      "costofGoodsAndServicesSold": "9931000000",
      "operatingIncome": "2601000000",
      "sellingGeneralAndAdministrative": "7374000000",
      "researchAndDevelopment": "0",
      "operatingExpenses": "1589000000",
      "investmentIncomeNet": "None",
      "netInterestIncome": "None",
      "interestIncome": "None",
      "interestExpense": "6183000000",
      "nonInterestIncome": "None",
      "otherNonOperatingIncome": "None",
      "depreciation": "None",
      "depreciationAndAmortization": "136000000",
      "incomeBeforeTax": "3299000000",
      "incomeTaxExpense": "698000000",
      "interestAndDebtExpense": "None",
      "netIncomeFromContinuingOperations": "2601000000",
      "comprehensiveIncomeNetOfTax": "None",
      "ebit": "2329000000",
      "ebitda": "2465000000",
      "netIncome": "2168000000"
    },
    {
      "fiscalDateEnding": "2010-06-30",
      "reportedCurrency": "USD",
      "grossProfit": "22071000000",
      "totalRevenue": "22071000000",
      "costOfRevenue": "10416000000",
      "costofGoodsAndServicesSold": "10416000000",
      "operatingIncome": "2728000000",
      "sellingGeneralAndAdministrative": "7156000000",
      "researchAndDevelopment": "0",
      "operatingExpenses": "1450000000",
      "investmentIncomeNet": "None",
      "netInterestIncome": "None",
      "interestIncome": "None",
      "interestExpense": "6429000000",
      "nonInterestIncome": "None",
      "otherNonOperatingIncome": "None",
      "depreciation": "None",
      "depreciationAndAmortization": "620000000",
      "incomeBeforeTax": "5285000000",
      "incomeTaxExpense": "1036000000",
      "interestAndDebtExpense": "None",
      "netIncomeFromContinuingOperations": "2728000000",
      "comprehensiveIncomeNetOfTax": "None",
      "ebit": "1488000000",
      "ebitda": "2108000000",
      "netIncome": "4428000000"
    },
    {
      "fiscalDateEnding": "2010-03-31",
      "reportedCurrency": "USD",
      "grossProfit": "25421000000",
      "totalRevenue": "25421000000",
      "costOfRevenue": "10155000000",
      "costofGoodsAndServicesSold": "10155000000",
      "operatingIncome": "4249000000",
      "sellingGeneralAndAdministrative": "7361000000",
      "researchAndDevelopment": "0",
      "operatingExpenses": "1363000000",
      "investmentIncomeNet": "None",
      "netInterestIncome": "None",
      "interestIncome": "None",
      "interestExpense": "6291000000",
      "nonInterestIncome": "None",
      "otherNonOperatingIncome": "None",
      "depreciation": "None",
      "depreciationAndAmortization": "623000000",
      "incomeBeforeTax": "5285000000",
      "incomeTaxExpense": "1036000000",
      "interestAndDebtExpense": "None",
      "netIncomeFromContinuingOperations": "4249000000",
      "comprehensiveIncomeNetOfTax": "None",
      "ebit": "3003000000",
      "ebitda": "3626000000",
      "netIncome": "4428000000"
    },
    {
      "fiscalDateEnding": "2009-12-31",
      "reportedCurrency": "USD",
      "grossProfit": "5405000000",
      "totalRevenue": "5405000000",
      "costOfRevenue": "41947000000",
      "costofGoodsAndServicesSold": "41947000000",
      "operatingIncome": "-1066000000",
      "sellingGeneralAndAdministrative": "4105000000",
      "researchAndDevelopment": "0",
      "operatingExpenses": "47822000000",
      "investmentIncomeNet": "None",
      "netInterestIncome": "None",
      "interestIncome": "None",
      "interestExpense": "6542000000",
      "nonInterestIncome": "None",
      "otherNonOperatingIncome": "None",
      "depreciation": "None",
      "depreciationAndAmortization": "1563000000",
      "incomeBeforeTax": "-15093000000",
      "incomeTaxExpense": "-7353000000",
      "interestAndDebtExpense": "None",
      "netIncomeFromContinuingOperations": "0",
      "comprehensiveIncomeNetOfTax": "None",
      "ebit": "-4416000000",
      "ebitda": "-2853000000",
      "netIncome": "-7579000000"
    },
    {
      "fiscalDateEnding": "2009-09-30",
      "reportedCurrency": "USD",
      "grossProfit": "21102000000",
      "totalRevenue": "21102000000",
      "costOfRevenue": "10427000000",
      "costofGoodsAndServicesSold": "10427000000",
      "operatingIncome": "593000000",
      "sellingGeneralAndAdministrative": "7250000000",
      "researchAndDevelopment": "0",
      "operatingExpenses": "1397000000",
      "investmentIncomeNet": "None",
      "netInterestIncome": "None",
      "interestIncome": "None",
      "interestExpense": "6680000000",
      "nonInterestIncome": "None",
      "otherNonOperatingIncome": "None",
      "depreciation": "None",
      "depreciationAndAmortization": "431000000",
      "incomeBeforeTax": "-529000000",
      "incomeTaxExpense": "-1122000000",
      "interestAndDebtExpense": "None",
      "netIncomeFromContinuingOperations": "593000000",
      "comprehensiveIncomeNetOfTax": "None",
      "ebit": "-269000000",
      "ebitda": "162000000",
      "netIncome": "101000000"
    },
    {
      "fiscalDateEnding": "2009-06-30",
      "reportedCurrency": "USD",
      "grossProfit": "29969000000",
      "totalRevenue": "29969000000",
      "costOfRevenue": "10526000000",
      "costofGoodsAndServicesSold": "10526000000",
      "operatingIncome": "4387000000",
      "sellingGeneralAndAdministrative": "7513000000",
      "researchAndDevelopment": "0",
      "operatingExpenses": "1473000000",
      "investmentIncomeNet": "None",
      "netInterestIncome": "None",
      "interestIncome": "None",
      "interestExpense": "6842000000",
      "nonInterestIncome": "None",
      "otherNonOperatingIncome": "None",
      "depreciation": "None",
      "depreciationAndAmortization": "846000000",
      "incomeBeforeTax": "5294000000",
      "incomeTaxExpense": "907000000",
      "interestAndDebtExpense": "None",
      "netIncomeFromContinuingOperations": "0",
      "comprehensiveIncomeNetOfTax": "None",
      "ebit": "2695000000",
      "ebitda": "3541000000",
      "netIncome": "4279000000"
    },
    {
      "fiscalDateEnding": "2009-03-31",
      "reportedCurrency": "USD",
      "grossProfit": "24521000000",
      "totalRevenue": "24521000000",
      "costOfRevenue": "10578000000",
      "costofGoodsAndServicesSold": "10578000000",
      "operatingIncome": "1610000000",
      "sellingGeneralAndAdministrative": "7377000000",
      "researchAndDevelopment": "0",
      "operatingExpenses": "1509000000",
      "investmentIncomeNet": "None",
      "netInterestIncome": "None",
      "interestIncome": "None",
      "interestExpense": "7657000000",
      "nonInterestIncome": "None",
      "otherNonOperatingIncome": "None",
      "depreciation": "None",
      "depreciationAndAmortization": "13000000",
      "incomeBeforeTax": "2395000000",
      "incomeTaxExpense": "785000000",
      "interestAndDebtExpense": "None",
      "netIncomeFromContinuingOperations": "0",
      "comprehensiveIncomeNetOfTax": "None",
      "ebit": "1584000000",
      "ebitda": "1597000000",
      "netIncome": "-2187000000"
    },
    {
      "fiscalDateEnding": "2008-12-31",
      "reportedCurrency": "USD",
      "grossProfit": "5595000000",
      "totalRevenue": "5595000000",
      "costOfRevenue": "62179000000",
      "costofGoodsAndServicesSold": "62179000000",
      "operatingIncome": "-32094000000",
      "sellingGeneralAndAdministrative": "7985000000",
      "researchAndDevelopment": "0",
      "operatingExpenses": "71134000000",
      "investmentIncomeNet": "None",
      "netInterestIncome": "None",
      "interestIncome": "None",
      "interestExpense": "10658000000",
      "nonInterestIncome": "None",
      "otherNonOperatingIncome": "None",
      "depreciation": "None",
      "depreciationAndAmortization": "513000000",
      "incomeBeforeTax": "-32430000000",
      "incomeTaxExpense": "-10975000000",
      "interestAndDebtExpense": "None",
      "netIncomeFromContinuingOperations": "0",
      "comprehensiveIncomeNetOfTax": "None",
      "ebit": "-33120000000",
      "ebitda": "-32607000000",
      "netIncome": "-17263000000"
    },
    {
      "fiscalDateEnding": "2008-09-30",
      "reportedCurrency": "USD",
      "grossProfit": "16258000000",
      "totalRevenue": "16258000000",
      "costOfRevenue": "12662000000",
      "costofGoodsAndServicesSold": "12662000000",
      "operatingIncome": "-3423000000",
      "sellingGeneralAndAdministrative": "9059000000",
      "researchAndDevelopment": "0",
      "operatingExpenses": "1763000000",
      "investmentIncomeNet": "None",
      "netInterestIncome": "None",
      "interestIncome": "None",
      "interestExpense": "12726000000",
      "nonInterestIncome": "None",
      "otherNonOperatingIncome": "None",
      "depreciation": "None",
      "depreciationAndAmortization": "376000000",
      "incomeBeforeTax": "-6717000000",
      "incomeTaxExpense": "-3294000000",
      "interestAndDebtExpense": "None",
      "netIncomeFromContinuingOperations": "0",
      "comprehensiveIncomeNetOfTax": "None",
      "ebit": "-4175000000",
      "ebitda": "-3799000000",
      "netIncome": "-2815000000"
    },
    {
      "fiscalDateEnding": "2008-06-30",
      "reportedCurrency": "USD",
      "grossProfit": "17538000000",
      "totalRevenue": "17538000000",
      "costOfRevenue": "14043000000",
      "costofGoodsAndServicesSold": "14043000000",
      "operatingIncome": "-2217000000",
      "sellingGeneralAndAdministrative": "10211000000",
      "researchAndDevelopment": "0",
      "operatingExpenses": "1900000000",
      "investmentIncomeNet": "None",
      "netInterestIncome": "None",
      "interestIncome": "None",
      "interestExpense": "13351000000",
      "nonInterestIncome": "None",
      "otherNonOperatingIncome": "None",
      "depreciation": "None",
      "depreciationAndAmortization": "684000000",
      "incomeBeforeTax": "-4554000000",
      "incomeTaxExpense": "-2337000000",
      "interestAndDebtExpense": "None",
      "netIncomeFromContinuingOperations": "0",
      "comprehensiveIncomeNetOfTax": "None",
      "ebit": "-3585000000",
      "ebitda": "-2901000000",
      "netIncome": "-2495000000"
    },
    {
      "fiscalDateEnding": "2008-03-31",
      "reportedCurrency": "USD",
      "grossProfit": "12441000000",
      "totalRevenue": "12441000000",
      "costOfRevenue": "26218000000",
      "costofGoodsAndServicesSold": "26218000000",
      "operatingIncome": "7475000000",
      "sellingGeneralAndAdministrative": "10306000000",
      "researchAndDevelopment": "0",
      "operatingExpenses": "16216000000",
      "investmentIncomeNet": "None",
      "netInterestIncome": "None",
      "interestIncome": "None",
      "interestExpense": "16122000000",
      "nonInterestIncome": "None",
      "otherNonOperatingIncome": "None",
      "depreciation": "None",
      "depreciationAndAmortization": "893000000",
      "incomeBeforeTax": "-9002000000",
      "incomeTaxExpense": "-3891000000",
      "interestAndDebtExpense": "None",
      "netIncomeFromContinuingOperations": "0",
      "comprehensiveIncomeNetOfTax": "None",
      "ebit": "5689000000",
      "ebitda": "6582000000",
      "netIncome": "-5111000000"
    },
    {
      "fiscalDateEnding": "2007-12-31",
      "reportedCurrency": "USD",
      "grossProfit": "7216000000",
      "totalRevenue": "7216000000",
      "costOfRevenue": "52492000000",
      "costofGoodsAndServicesSold": "52492000000",
      "operatingIncome": "730000",
      "sellingGeneralAndAdministrative": "9325000000",
      "researchAndDevelopment": "0",
      "operatingExpenses": "61488000000",
      "investmentIncomeNet": "None",
      "netInterestIncome": "None",
      "interestIncome": "None",
      "interestExpense": "19993000000",
      "nonInterestIncome": "None",
      "otherNonOperatingIncome": "None",
      "depreciation": "None",
      "depreciationAndAmortization": "332000000",
      "incomeBeforeTax": "-16858000000",
      "incomeTaxExpense": "-7310000000",
      "interestAndDebtExpense": "None",
      "netIncomeFromContinuingOperations": "0",
      "comprehensiveIncomeNetOfTax": "None",
      "ebit": "-663270000",
      "ebitda": "-331270000",
      "netIncome": "-9833000000"
    },
    {
      "fiscalDateEnding": "2007-09-30",
      "reportedCurrency": "USD",
      "grossProfit": "21640000000",
      "totalRevenue": "21640000000",
      "costOfRevenue": "10414000000",
      "costofGoodsAndServicesSold": "10414000000",
      "operatingIncome": "5303000000",
      "sellingGeneralAndAdministrative": "7595000000",
      "researchAndDevelopment": "0",
      "operatingExpenses": "1522000000",
      "investmentIncomeNet": "None",
      "netInterestIncome": "None",
      "interestIncome": "None",
      "interestExpense": "20423000000",
      "nonInterestIncome": "None",
      "otherNonOperatingIncome": "None",
      "depreciation": "None",
      "depreciationAndAmortization": "767000000",
      "incomeBeforeTax": "2750000000",
      "incomeTaxExpense": "538000000",
      "interestAndDebtExpense": "None",
      "netIncomeFromContinuingOperations": "0",
      "comprehensiveIncomeNetOfTax": "None",
      "ebit": "3769000000",
      "ebitda": "4536000000",
      "netIncome": "2212000000"
    },
    {
      "fiscalDateEnding": "2007-06-30",
      "reportedCurrency": "USD",
      "grossProfit": "26330000000",
      "totalRevenue": "26330000000",
      "costOfRevenue": "12882000000",
      "costofGoodsAndServicesSold": "12882000000",
      "operatingIncome": "6226000000",
      "sellingGeneralAndAdministrative": "8896000000",
      "researchAndDevelopment": "0",
      "operatingExpenses": "1973000000",
      "investmentIncomeNet": "None",
      "netInterestIncome": "None",
      "interestIncome": "None",
      "interestExpense": "18971000000",
      "nonInterestIncome": "None",
      "otherNonOperatingIncome": "None",
      "depreciation": "None",
      "depreciationAndAmortization": "670000000",
      "incomeBeforeTax": "8935000000",
      "incomeTaxExpense": "2709000000",
      "interestAndDebtExpense": "None",
      "netIncomeFromContinuingOperations": "0",
      "comprehensiveIncomeNetOfTax": "None",
      "ebit": "4886000000",
      "ebitda": "5556000000",
      "netIncome": "6226000000"
    },
    {
      "fiscalDateEnding": "2007-03-31",
      "reportedCurrency": "USD",
      "grossProfit": "25459000000",
      "totalRevenue": "25459000000",
      "costOfRevenue": "12598000000",
      "costofGoodsAndServicesSold": "12598000000",
      "operatingIncome": "5012000000",
      "sellingGeneralAndAdministrative": "8960000000",
      "researchAndDevelopment": "0",
      "operatingExpenses": "2973000000",
      "investmentIncomeNet": "None",
      "netInterestIncome": "None",
      "interestIncome": "None",
      "interestExpense": "17562000000",
      "nonInterestIncome": "None",
      "otherNonOperatingIncome": "None",
      "depreciation": "None",
      "depreciationAndAmortization": "652000000",
      "incomeBeforeTax": "6874000000",
      "incomeTaxExpense": "1862000000",
      "interestAndDebtExpense": "None",
      "netIncomeFromContinuingOperations": "0",
      "comprehensiveIncomeNetOfTax": "None",
      "ebit": "3708000000",
      "ebitda": "4360000000",
      "netIncome": "5012000000"
    },
    {
      "fiscalDateEnding": "2006-12-31",
      "reportedCurrency": "USD",
      "grossProfit": "23828000000",
      "totalRevenue": "23828000000",
      "costOfRevenue": "45696000000",
      "costofGoodsAndServicesSold": "45696000000",
      "operatingIncome": "27000000",
      "sellingGeneralAndAdministrative": "8157000000",
      "researchAndDevelopment": "0",
      "operatingExpenses": "52021000000",
      "investmentIncomeNet": "None",
      "netInterestIncome": "None",
      "interestIncome": "None",
      "interestExpense": "16218000000",
      "nonInterestIncome": "None",
      "otherNonOperatingIncome": "None",
      "depreciation": "None",
      "depreciationAndAmortization": "458000000",
      "incomeBeforeTax": "7659000000",
      "incomeTaxExpense": "2241000000",
      "interestAndDebtExpense": "None",
      "netIncomeFromContinuingOperations": "0",
      "comprehensiveIncomeNetOfTax": "None",
      "ebit": "-2961000000",
      "ebitda": "-2503000000",
      "netIncome": "5129000000"
    },
    {
      "fiscalDateEnding": "2006-09-30",
      "reportedCurrency": "USD",
      "grossProfit": "21422000000",
      "totalRevenue": "21422000000",
      "costOfRevenue": "10414000000",
      "costofGoodsAndServicesSold": "10414000000",
      "operatingIncome": "5303000000",
      "sellingGeneralAndAdministrative": "6992000000",
      "researchAndDevelopment": "0",
      "operatingExpenses": "1522000000",
      "investmentIncomeNet": "None",
      "netInterestIncome": "None",
      "interestIncome": "None",
      "interestExpense": "14901000000",
      "nonInterestIncome": "None",
      "otherNonOperatingIncome": "None",
      "depreciation": "None",
      "depreciationAndAmortization": "688000000",
      "incomeBeforeTax": "7323000000",
      "incomeTaxExpense": "2020000000",
      "interestAndDebtExpense": "None",
      "netIncomeFromContinuingOperations": "0",
      "comprehensiveIncomeNetOfTax": "None",
      "ebit": "3927000000",
      "ebitda": "4615000000",
      "netIncome": "5505000000"
    },
    {
      "fiscalDateEnding": "2006-06-30",
      "reportedCurrency": "USD",
      "grossProfit": "22182000000",
      "totalRevenue": "22182000000",
      "costOfRevenue": "9468000000",
      "costofGoodsAndServicesSold": "9468000000",
      "operatingIncome": "4731000000",
      "sellingGeneralAndAdministrative": "7605000000",
      "researchAndDevelopment": "0",
      "operatingExpenses": "2108000000",
      "investmentIncomeNet": "None",
      "netInterestIncome": "None",
      "interestIncome": "None",
      "interestExpense": "13717000000",
      "nonInterestIncome": "None",
      "otherNonOperatingIncome": "None",
      "depreciation": "None",
      "depreciationAndAmortization": "688000000",
      "incomeBeforeTax": "7565000000",
      "incomeTaxExpense": "2303000000",
      "interestAndDebtExpense": "None",
      "netIncomeFromContinuingOperations": "0",
      "comprehensiveIncomeNetOfTax": "None",
      "ebit": "3355000000",
      "ebitda": "4043000000",
      "netIncome": "5265000000"
    },
    {
      "fiscalDateEnding": "2006-03-31",
      "reportedCurrency": "USD",
      "grossProfit": "22183000000",
      "totalRevenue": "22183000000",
      "costOfRevenue": "4420000000",
      "costofGoodsAndServicesSold": "4420000000",
      "operatingIncome": "4480000000",
      "sellingGeneralAndAdministrative": "8490000000",
      "researchAndDevelopment": "0",
      "operatingExpenses": "7825000000",
      "investmentIncomeNet": "None",
      "netInterestIncome": "None",
      "interestIncome": "None",
      "interestExpense": "12107000000",
      "nonInterestIncome": "None",
      "otherNonOperatingIncome": "None",
      "depreciation": "None",
      "depreciationAndAmortization": "669000000",
      "incomeBeforeTax": "7092000000",
      "incomeTaxExpense": "1537000000",
      "interestAndDebtExpense": "None",
      "netIncomeFromContinuingOperations": "0",
      "comprehensiveIncomeNetOfTax": "None",
      "ebit": "3142000000",
      "ebitda": "3811000000",
      "netIncome": "5639000000"
    },
    {
      "fiscalDateEnding": "2005-12-31",
      "reportedCurrency": "USD",
      "grossProfit": "20779000000",
      "totalRevenue": "20779000000",
      "costOfRevenue": "39106000000",
      "costofGoodsAndServicesSold": "39106000000",
      "operatingIncome": "908000000",
      "sellingGeneralAndAdministrative": "6654000000",
      "researchAndDevelopment": "0",
      "operatingExpenses": "12704000000",
      "investmentIncomeNet": "None",
      "netInterestIncome": "None",
      "interestIncome": "None",
      "interestExpense": "10935000000",
      "nonInterestIncome": "None",
      "otherNonOperatingIncome": "None",
      "depreciation": "None",
      "depreciationAndAmortization": "670000000",
      "incomeBeforeTax": "7223000000",
      "incomeTaxExpense": "2251000000",
      "interestAndDebtExpense": "None",
      "netIncomeFromContinuingOperations": "0",
      "comprehensiveIncomeNetOfTax": "None",
      "ebit": "-3262000000",
      "ebitda": "-2592000000",
      "netIncome": "6932000000"
    },
    {
      "fiscalDateEnding": "2005-09-30",
      "reportedCurrency": "USD",
      "grossProfit": "21498000000",
      "totalRevenue": "21498000000",
      "costOfRevenue": "9934000000",
      "costofGoodsAndServicesSold": "9934000000",
      "operatingIncome": "4988000000",
      "sellingGeneralAndAdministrative": "7007000000",
      "researchAndDevelopment": "0",
      "operatingExpenses": "2109000000",
      "investmentIncomeNet": "None",
      "netInterestIncome": "None",
      "interestIncome": "None",
      "interestExpense": "9649000000",
      "nonInterestIncome": "None",
      "otherNonOperatingIncome": "None",
      "depreciation": "None",
      "depreciationAndAmortization": "724000000",
      "incomeBeforeTax": "7152000000",
      "incomeTaxExpense": "2164000000",
      "interestAndDebtExpense": "None",
      "netIncomeFromContinuingOperations": "0",
      "comprehensiveIncomeNetOfTax": "None",
      "ebit": "3540000000",
      "ebitda": "4264000000",
      "netIncome": "7143000000"
    },
    {
      "fiscalDateEnding": "2005-06-30",
      "reportedCurrency": "USD",
      "grossProfit": "20169000000",
      "totalRevenue": "20169000000",
      "costOfRevenue": "9467000000",
      "costofGoodsAndServicesSold": "9467000000",
      "operatingIncome": "4731000000",
      "sellingGeneralAndAdministrative": "6248000000",
      "researchAndDevelopment": "0",
      "operatingExpenses": "2111000000",
      "investmentIncomeNet": "None",
      "netInterestIncome": "None",
      "interestIncome": "None",
      "interestExpense": "8668000000",
      "nonInterestIncome": "None",
      "otherNonOperatingIncome": "None",
      "depreciation": "None",
      "depreciationAndAmortization": "588000000",
      "incomeBeforeTax": "6910000000",
      "incomeTaxExpense": "2179000000",
      "interestAndDebtExpense": "None",
      "netIncomeFromContinuingOperations": "0",
      "comprehensiveIncomeNetOfTax": "None",
      "ebit": "3555000000",
      "ebitda": "4143000000",
      "netIncome": "5073000000"
    },
    {
      "fiscalDateEnding": "2005-03-31",
      "reportedCurrency": "USD",
      "grossProfit": "21196000000",
      "totalRevenue": "21196000000",
      "costOfRevenue": "15245000000",
      "costofGoodsAndServicesSold": "15245000000",
      "operatingIncome": "5168000000",
      "sellingGeneralAndAdministrative": "6703000000",
      "researchAndDevelopment": "0",
      "operatingExpenses": "-16365000000",
      "investmentIncomeNet": "None",
      "netInterestIncome": "None",
      "interestIncome": "None",
      "interestExpense": "7424000000",
      "nonInterestIncome": "None",
      "otherNonOperatingIncome": "None",
      "depreciation": "None",
      "depreciationAndAmortization": "610000000",
      "incomeBeforeTax": "7684000000",
      "incomeTaxExpense": "2516000000",
      "interestAndDebtExpense": "None",
      "netIncomeFromContinuingOperations": "0",
      "comprehensiveIncomeNetOfTax": "None",
      "ebit": "3948000000",
      "ebitda": "4558000000",
      "netIncome": "5441000000"
    }
  ]
}