{
  "symbol": "DAL",
  "annualReports": [
    {
      "fiscalDateEnding": "2024-12-31",
      "reportedCurrency": "USD",
      "grossProfit": "15168000000",
      "totalRevenue": "61643000000",
      "costOfRevenue": "46475000000",
      "costofGoodsAndServicesSold": "46475000000",
      "operatingIncome": "5995000000",
      "sellingGeneralAndAdministrative": "2485000000",
      "researchAndDevelopment": "None",
      "operatingExpenses": "9173000000",
      "investmentIncomeNet": "None",
      "netInterestIncome": "-747000000",
      "interestIncome": "None",
      "interestExpense": "747000000",
      "nonInterestIncome": "None",
      "otherNonOperatingIncome": "None",
      "depreciation": "None",
      "depreciationAndAmortization": "2513000000",
      "incomeBeforeTax": "4658000000",
      "incomeTaxExpense": "1201000000",
      "interestAndDebtExpense": "None",
      "netIncomeFromContinuingOperations": "3457000000",
      "comprehensiveIncomeNetOfTax": "None",
      "ebit": "5405000000",
      "ebitda": "7918000000",
      "netIncome": "3457000000"
    },
    {
      "fiscalDateEnding": "2023-12-31",
      "reportedCurrency": "USD",
      "grossProfit": "14135000000",
      "totalRevenue": "58048000000",
      "costOfRevenue": "43913000000",
      "costofGoodsAndServicesSold": "43913000000",
      "operatingIncome": "5521000000",
      "sellingGeneralAndAdministrative": "244000000",
      "researchAndDevelopment": "340000000",
      "operatingExpenses": "8614000000",
      "investmentIncomeNet": "None",
      "netInterestIncome": "-865000000",
      "interestIncome": "None",
      "interestExpense": "834000000",
      "nonInterestIncome": "None",
      "otherNonOperatingIncome": "None",
      "depreciation": "None",
      "depreciationAndAmortization": "2341000000",
      "incomeBeforeTax": "5608000000",
      "incomeTaxExpense": "999000000",
      "interestAndDebtExpense": "None",
      "netIncomeFromContinuingOperations": "3401000000",
      "comprehensiveIncomeNetOfTax": "None",
      "ebit": "6442000000",
      "ebitda": "8783000000",
      "netIncome": "4609000000"
    },
    {
      "fiscalDateEnding": "2022-12-31",
      "reportedCurrency": "USD",
      "grossProfit": "10597000000",
      "totalRevenue": "50582000000",
      "costOfRevenue": "39985000000",
      "costofGoodsAndServicesSold": "39985000000",
      "operatingIncome": "3661000000",
      "sellingGeneralAndAdministrative": "292000000",
      "researchAndDevelopment": "307000000",
      "operatingExpenses": "6936000000",
      "investmentIncomeNet": "None",
      "netInterestIncome": "-1029000000",
      "interestIncome": "1832000000",
      "interestExpense": "1029000000",
      "nonInterestIncome": "None",
      "otherNonOperatingIncome": "-718000000",
      "depreciation": "None",
      "depreciationAndAmortization": "2107000000",
      "incomeBeforeTax": "1914000000",
      "incomeTaxExpense": "596000000",
      "interestAndDebtExpense": "None",
      "netIncomeFromContinuingOperations": "1318000000",
      "comprehensiveIncomeNetOfTax": "None",
      "ebit": "2943000000",
      "ebitda": "5050000000",
      "netIncome": "1318000000"
    },
    {
      "fiscalDateEnding": "2021-12-31",
      "reportedCurrency": "USD",
      "grossProfit": "2133000000",
      "totalRevenue": "29899000000",
      "costOfRevenue": "27766000000",
      "costofGoodsAndServicesSold": "27766000000",
      "operatingIncome": "1886000000",
      "sellingGeneralAndAdministrative": "451000000",
      "researchAndDevelopment": "301000000",
      "operatingExpenses": "247000000",
      "investmentIncomeNet": "None",
      "netInterestIncome": "-1279000000",
      "interestIncome": "1560000000",
      "interestExpense": "1279000000",
      "nonInterestIncome": "None",
      "otherNonOperatingIncome": "-209000000",
      "depreciation": "None",
      "depreciationAndAmortization": "1998000000",
      "incomeBeforeTax": "398000000",
      "incomeTaxExpense": "118000000",
      "interestAndDebtExpense": "None",
      "netIncomeFromContinuingOperations": "280000000",
      "comprehensiveIncomeNetOfTax": "None",
      "ebit": "1677000000",
      "ebitda": "3675000000",
      "netIncome": "280000000"
    },
    {
      "fiscalDateEnding": "2020-12-31",
      "reportedCurrency": "USD",
      "grossProfit": "-4368000000",
      "totalRevenue": "17095000000",
      "costOfRevenue": "21463000000",
      "costofGoodsAndServicesSold": "21463000000",
      "operatingIncome": "-12469000000",
      "sellingGeneralAndAdministrative": "219000000",
      "researchAndDevelopment": "304000000",
      "operatingExpenses": "8101000000",
      "investmentIncomeNet": "None",
      "netInterestIncome": "-929000000",
      "interestIncome": "3466000000",
      "interestExpense": "929000000",
      "nonInterestIncome": "None",
      "otherNonOperatingIncome": "-2189000000",
      "depreciation": "None",
      "depreciationAndAmortization": "2312000000",
      "incomeBeforeTax": "-15587000000",
      "incomeTaxExpense": "-3202000000",
      "interestAndDebtExpense": "None",
      "netIncomeFromContinuingOperations": "-12385000000",
      "comprehensiveIncomeNetOfTax": "None",
      "ebit": "-14658000000",
      "ebitda": "-12346000000",
      "netIncome": "-12385000000"
    },
    {
      "fiscalDateEnding": "2019-12-31",
      "reportedCurrency": "USD",
      "grossProfit": "13598000000",
      "totalRevenue": "47007000000",
      "costOfRevenue": "33409000000",
      "costofGoodsAndServicesSold": "33409000000",
      "operatingIncome": "6618000000",
      "sellingGeneralAndAdministrative": "65000000",
      "researchAndDevelopment": "239000000",
      "operatingExpenses": "6980000000",
      "investmentIncomeNet": "None",
      "netInterestIncome": "-301000000",
      "interestIncome": "182000000",
      "interestExpense": "301000000",
      "nonInterestIncome": "None",
      "otherNonOperatingIncome": "-119000000",
      "depreciation": "None",
      "depreciationAndAmortization": "2581000000",
      "incomeBeforeTax": "6198000000",
      "incomeTaxExpense": "1431000000",
      "interestAndDebtExpense": "None",
      "netIncomeFromContinuingOperations": "4767000000",
      "comprehensiveIncomeNetOfTax": "None",
      "ebit": "6499000000",
      "ebitda": "9080000000",
      "netIncome": "4767000000"
    },
    {
      "fiscalDateEnding": "2018-12-31",
      "reportedCurrency": "USD",
      "grossProfit": "11103000000",
      "totalRevenue": "44438000000",
      "costOfRevenue": "33335000000",
      "costofGoodsAndServicesSold": "33335000000",
      "operatingIncome": "5264000000",
      "sellingGeneralAndAdministrative": "1301000000",
      "researchAndDevelopment": "205000000",
      "operatingExpenses": "5839000000",
      "investmentIncomeNet": "None",
      "netInterestIncome": "-311000000",
      "interestIncome": "297000000",
      "interestExpense": "311000000",
      "nonInterestIncome": "None",
      "otherNonOperatingIncome": "198000000",
      "depreciation": "None",
      "depreciationAndAmortization": "2329000000",
      "incomeBeforeTax": "5151000000",
      "incomeTaxExpense": "1216000000",
      "interestAndDebtExpense": "None",
      "netIncomeFromContinuingOperations": "3935000000",
      "comprehensiveIncomeNetOfTax": "None",
      "ebit": "5462000000",
      "ebitda": "7791000000",
      "netIncome": "3935000000"
    },
    {
      "fiscalDateEnding": "2017-12-31",
      "reportedCurrency": "USD",
      "grossProfit": "11510000000",
      "totalRevenue": "41138000000",
      "costOfRevenue": "29628000000",
      "costofGoodsAndServicesSold": "29628000000",
      "operatingIncome": "5966000000",
      "sellingGeneralAndAdministrative": "1065000000",
      "researchAndDevelopment": "187000000",
      "operatingExpenses": "5544000000",
      "investmentIncomeNet": "None",
      "netInterestIncome": "-396000000",
      "interestIncome": "396000000",
      "interestExpense": "396000000",
      "nonInterestIncome": "None",
      "otherNonOperatingIncome": "-17000000",
      "depreciation": "None",
      "depreciationAndAmortization": "2222000000",
      "incomeBeforeTax": "5500000000",
      "incomeTaxExpense": "2295000000",
      "interestAndDebtExpense": "None",
      "netIncomeFromContinuingOperations": "3577000000",
      "comprehensiveIncomeNetOfTax": "None",
      "ebit": "5896000000",
      "ebitda": "8118000000",
      "netIncome": "3205000000"
    },
    {
      "fiscalDateEnding": "2016-12-31",
      "reportedCurrency": "USD",
      "grossProfit": "12286000000",
      "totalRevenue": "39450000000",
      "costOfRevenue": "27164000000",
      "costofGoodsAndServicesSold": "27164000000",
      "operatingIncome": "6996000000",
      "sellingGeneralAndAdministrative": "1115000000",
      "researchAndDevelopment": "158000000",
      "operatingExpenses": "5290000000",
      "investmentIncomeNet": "None",
      "netInterestIncome": "-388000000",
      "interestIncome": "388000000",
      "interestExpense": "388000000",
      "nonInterestIncome": "None",
      "otherNonOperatingIncome": "72000000",
      "depreciation": "None",
      "depreciationAndAmortization": "1902000000",
      "incomeBeforeTax": "6353000000",
      "incomeTaxExpense": "2158000000",
      "interestAndDebtExpense": "None",
      "netIncomeFromContinuingOperations": "4373000000",
      "comprehensiveIncomeNetOfTax": "None",
      "ebit": "6741000000",
      "ebitda": "8643000000",
      "netIncome": "4195000000"
    },
    {
      "fiscalDateEnding": "2015-12-31",
      "reportedCurrency": "USD",
      "grossProfit": "13355000000",
      "totalRevenue": "40704000000",
      "costOfRevenue": "27349000000",
      "costofGoodsAndServicesSold": "27349000000",
      "operatingIncome": "7802000000",
      "sellingGeneralAndAdministrative": "1490000000",
      "researchAndDevelopment": "148000000",
      "operatingExpenses": "5553000000",
      "investmentIncomeNet": "None",
      "netInterestIncome": "None",
      "interestIncome": "481000000",
      "interestExpense": "481000000",
      "nonInterestIncome": "None",
      "otherNonOperatingIncome": "-164000000",
      "depreciation": "None",
      "depreciationAndAmortization": "1835000000",
      "incomeBeforeTax": "7157000000",
      "incomeTaxExpense": "2631000000",
      "interestAndDebtExpense": "None",
      "netIncomeFromContinuingOperations": "4526000000",
      "comprehensiveIncomeNetOfTax": "None",
      "ebit": "7638000000",
      "ebitda": "9473000000",
      "netIncome": "4526000000"
    },
    {
      "fiscalDateEnding": "2014-12-31",
      "reportedCurrency": "USD",
      "grossProfit": "8168000000",
      "totalRevenue": "40362000000",
      "costOfRevenue": "32194000000",
      "costofGoodsAndServicesSold": "32194000000",
      "operatingIncome": "2206000000",
      "sellingGeneralAndAdministrative": "1085000000",
      "researchAndDevelopment": "129000000",
      "operatingExpenses": "5962000000",
      "investmentIncomeNet": "None",
      "netInterestIncome": "None",
      "interestIncome": "None",
      "interestExpense": "650000000",
      "nonInterestIncome": "None",
      "otherNonOperatingIncome": "-484000000",
      "depreciation": "None",
      "depreciationAndAmortization": "1771000000",
      "incomeBeforeTax": "1072000000",
      "incomeTaxExpense": "413000000",
      "interestAndDebtExpense": "None",
      "netIncomeFromContinuingOperations": "659000000",
      "comprehensiveIncomeNetOfTax": "None",
      "ebit": "1722000000",
      "ebitda": "3493000000",
      "netIncome": "659000000"
    },
    {
      "fiscalDateEnding": "2013-12-31",
      "reportedCurrency": "USD",
      "grossProfit": "8590000000",
      "totalRevenue": "37773000000",
      "costOfRevenue": "29183000000",
      "costofGoodsAndServicesSold": "29183000000",
      "operatingIncome": "3400000000",
      "sellingGeneralAndAdministrative": "506000000",
      "researchAndDevelopment": "110000000",
      "operatingExpenses": "5190000000",
      "investmentIncomeNet": "None",
      "netInterestIncome": "None",
      "interestIncome": "None",
      "interestExpense": "852000000",
      "nonInterestIncome": "None",
      "otherNonOperatingIncome": "-175000000",
      "depreciation": "None",
      "depreciationAndAmortization": "1658000000",
      "incomeBeforeTax": "2527000000",
      "incomeTaxExpense": "-8013000000",
      "interestAndDebtExpense": "None",
      "netIncomeFromContinuingOperations": "10540000000",
      "comprehensiveIncomeNetOfTax": "None",
      "ebit": "3379000000",
      "ebitda": "5037000000",
      "netIncome": "10540000000"
    },
    {
      "fiscalDateEnding": "2012-12-31",
      "reportedCurrency": "USD",
      "grossProfit": "7375000000",
      "totalRevenue": "36670000000",
      "costOfRevenue": "29295000000",
      "costofGoodsAndServicesSold": "29295000000",
      "operatingIncome": "2175000000",
      "sellingGeneralAndAdministrative": "372000000",
      "researchAndDevelopment": "76000000",
      "operatingExpenses": "5200000000",
      "investmentIncomeNet": "None",
      "netInterestIncome": "None",
      "interestIncome": "None",
      "interestExpense": "1005000000",
      "nonInterestIncome": "None",
      "otherNonOperatingIncome": "-338000000",
      "depreciation": "None",
      "depreciationAndAmortization": "1565000000",
      "incomeBeforeTax": "1025000000",
      "incomeTaxExpense": "16000000",
      "interestAndDebtExpense": "None",
      "netIncomeFromContinuingOperations": "1009000000",
      "comprehensiveIncomeNetOfTax": "None",
      "ebit": "2030000000",
      "ebitda": "3595000000",
      "netIncome": "1009000000"
    },
    {
      "fiscalDateEnding": "2011-12-31",
      "reportedCurrency": "USD",
      "grossProfit": "7169000000",
      "totalRevenue": "35115000000",
      "costOfRevenue": "27946000000",
      "costofGoodsAndServicesSold": "27946000000",
      "operatingIncome": "1975000000",
      "sellingGeneralAndAdministrative": "7158000000",
      "researchAndDevelopment": "0",
      "operatingExpenses": "5194000000",
      "investmentIncomeNet": "None",
      "netInterestIncome": "None",
      "interestIncome": "None",
      "interestExpense": "1094000000",
      "nonInterestIncome": "None",
      "otherNonOperatingIncome": "-305000000",
      "depreciation": "None",
      "depreciationAndAmortization": "1523000000",
      "incomeBeforeTax": "769000000",
      "incomeTaxExpense": "-85000000",
      "interestAndDebtExpense": "None",
      "netIncomeFromContinuingOperations": "854000000",
      "comprehensiveIncomeNetOfTax": "None",
      "ebit": "1863000000",
      "ebitda": "3386000000",
      "netIncome": "854000000"
    },
    {
      "fiscalDateEnding": "2010-12-31",
      "reportedCurrency": "USD",
      "grossProfit": "7371000000",
      "totalRevenue": "31755000000",
      "costOfRevenue": "24384000000",
      "costofGoodsAndServicesSold": "24384000000",
      "operatingIncome": "2217000000",
      "sellingGeneralAndAdministrative": "8613000000",
      "researchAndDevelopment": "None",
      "operatingExpenses": "5154000000",
      "investmentIncomeNet": "None",
      "netInterestIncome": "None",
      "interestIncome": "None",
      "interestExpense": "1185000000",
      "nonInterestIncome": "None",
      "otherNonOperatingIncome": "-605000000",
      "depreciation": "None",
      "depreciationAndAmortization": "1511000000",
      "incomeBeforeTax": "608000000",
      "incomeTaxExpense": "15000000",
      "interestAndDebtExpense": "None",
      "netIncomeFromContinuingOperations": "593000000",
      "comprehensiveIncomeNetOfTax": "None",
      "ebit": "1793000000",
      "ebitda": "3304000000",
      "netIncome": "593000000"
    },
    {
      "fiscalDateEnding": "2009-12-31",
      "reportedCurrency": "USD",
      "grossProfit": "13015000000",
      "totalRevenue": "28063000000",
      "costOfRevenue": "15048000000",
      "costofGoodsAndServicesSold": "15048000000",
      "operatingIncome": "1641000000",
      "sellingGeneralAndAdministrative": "8433000000",
      "researchAndDevelopment": "None",
      "operatingExpenses": "11374000000",
      "investmentIncomeNet": "None",
      "netInterestIncome": "None",
      "interestIncome": "None",
      "interestExpense": "908000000",
      "nonInterestIncome": "None",
      "otherNonOperatingIncome": "None",
      "depreciation": "None",
      "depreciationAndAmortization": "1536000000",
      "incomeBeforeTax": "-1581000000",
      "incomeTaxExpense": "-344000000",
      "interestAndDebtExpense": "None",
      "netIncomeFromContinuingOperations": "None",
      "comprehensiveIncomeNetOfTax": "None",
      "ebit": "-673000000",
      "ebitda": "863000000",
      "netIncome": "-1237000000"
    },
    {
      "fiscalDateEnding": "2008-12-31",
      "reportedCurrency": "USD",
      "grossProfit": "8882000000",
      "totalRevenue": "22697000000",
      "costOfRevenue": "13815000000",
      "costofGoodsAndServicesSold": "13815000000",
      "operatingIncome": "1195000000",
      "sellingGeneralAndAdministrative": "5391000000",
      "researchAndDevelopment": "None",
      "operatingExpenses": "7687000000",
      "investmentIncomeNet": "None",
      "netInterestIncome": "None",
      "interestIncome": "None",
      "interestExpense": "685000000",
      "nonInterestIncome": "None",
      "otherNonOperatingIncome": "None",
      "depreciation": "None",
      "depreciationAndAmortization": "1266000000",
      "incomeBeforeTax": "-9041000000",
      "incomeTaxExpense": "-119000000",
      "interestAndDebtExpense": "None",
      "netIncomeFromContinuingOperations": "None",
      "comprehensiveIncomeNetOfTax": "None",
      "ebit": "-8356000000",
      "ebitda": "-7090000000",
      "netIncome": "-8922000000"
    },
    {
      "fiscalDateEnding": "2007-12-31",
      "reportedCurrency": "USD",
      "grossProfit": "9970000000",
      "totalRevenue": "19154000000",
      "costOfRevenue": "9184000000",
      "costofGoodsAndServicesSold": "9184000000",
      "operatingIncome": "3038000000",
      "sellingGeneralAndAdministrative": "4189000000",
      "researchAndDevelopment": "None",
      "operatingExpenses": "6932000000",
      "investmentIncomeNet": "None",
      "netInterestIncome": "None",
      "interestIncome": "None",
      "interestExpense": "652000000",
      "nonInterestIncome": "None",
      "otherNonOperatingIncome": "None",
      "depreciation": "None",
      "depreciationAndAmortization": "495000000",
      "incomeBeforeTax": "1819000000",
      "incomeTaxExpense": "207000000",
      "interestAndDebtExpense": "None",
      "netIncomeFromContinuingOperations": "None",
      "comprehensiveIncomeNetOfTax": "None",
      "ebit": "2471000000",
      "ebitda": "2966000000",
      "netIncome": "1612000000"
    },
    {
      "fiscalDateEnding": "2006-12-31",
      "reportedCurrency": "USD",
      "grossProfit": "17171000000",
      "totalRevenue": "17532000000",
      "costOfRevenue": "14228000000",
      "costofGoodsAndServicesSold": "14228000000",
      "operatingIncome": "58000000",
      "sellingGeneralAndAdministrative": "1948000000",
      "researchAndDevelopment": "None",
      "operatingExpenses": "17474000000",
      "investmentIncomeNet": "None",
      "netInterestIncome": "None",
      "interestIncome": "None",
      "interestExpense": "7045000000",
      "nonInterestIncome": "None",
      "otherNonOperatingIncome": "None",
      "depreciation": "None",
      "depreciationAndAmortization": "1276000000",
      "incomeBeforeTax": "-6968000000",
      "incomeTaxExpense": "-765000000",
      "interestAndDebtExpense": "None",
      "netIncomeFromContinuingOperations": "None",
      "comprehensiveIncomeNetOfTax": "None",
      "ebit": "58000000",
      "ebitda": "1334000000",
      "netIncome": "-6203000000"
    },
    {
      "fiscalDateEnding": "2005-12-31",
      "reportedCurrency": "USD",
      "grossProfit": "16191000000",
      "totalRevenue": "16480000000",
      "costOfRevenue": "14268000000",
      "costofGoodsAndServicesSold": "14268000000",
      "operatingIncome": "-2001000000",
      "sellingGeneralAndAdministrative": "1959000000",
      "researchAndDevelopment": "None",
      "operatingExpenses": "18481000000",
      "investmentIncomeNet": "None",
      "netInterestIncome": "None",
      "interestIncome": "None",
      "interestExpense": "1859000000",
      "nonInterestIncome": "None",
      "otherNonOperatingIncome": "None",
      "depreciation": "None",
      "depreciationAndAmortization": "1273000000",
      "incomeBeforeTax": "-3859000000",
      "incomeTaxExpense": "-41000000",
      "interestAndDebtExpense": "None",
      "netIncomeFromContinuingOperations": "None",
      "comprehensiveIncomeNetOfTax": "None",
      "ebit": "-2001000000",
      "ebitda": "-728000000",
      "netIncome": "-3818000000"
    }
  ],
  "quarterlyReports": [
    {
      "fiscalDateEnding": "2025-03-31",
      "reportedCurrency": "USD",
      "grossProfit": "3013000000",
      "totalRevenue": "14040000000",
      "costOfRevenue": "11027000000",
      "costofGoodsAndServicesSold": "11027000000",
      "operatingIncome": "569000000",
      "sellingGeneralAndAdministrative": "124000000",
      "researchAndDevelopment": "None",
      "operatingExpenses": "2444000000",
      "investmentIncomeNet": "None",
      "netInterestIncome": "-179000000",
      "interestIncome": "None",
      "interestExpense": "179000000",
      "nonInterestIncome": "None",
      "otherNonOperatingIncome": "None",
      "depreciation": "None",
      "depreciationAndAmortization": "607000000",
      "incomeBeforeTax": "320000000",
      "incomeTaxExpense": "80000000",
      "interestAndDebtExpense": "None",
      "netIncomeFromContinuingOperations": "240000000",
      "comprehensiveIncomeNetOfTax": "None",
      "ebit": "499000000",
      "ebitda": "499000000",
      "netIncome": "240000000"
    },
    {
      "fiscalDateEnding": "2024-12-31",
      "reportedCurrency": "USD",
      "grossProfit": "4019000000",
      "totalRevenue": "15559000000",
      "costOfRevenue": "11540000000",
      "costofGoodsAndServicesSold": "11540000000",
      "operatingIncome": "1717000000",
      "sellingGeneralAndAdministrative": "620000000",
      "researchAndDevelopment": "None",
      "operatingExpenses": "2302000000",
      "investmentIncomeNet": "None",
      "netInterestIncome": "-180000000",
      "interestIncome": "None",
      "interestExpense": "180000000",
      "nonInterestIncome": "None",
      "otherNonOperatingIncome": "None",
      "depreciation": "None",
      "depreciationAndAmortization": "635000000",
      "incomeBeforeTax": "1202000000",
      "incomeTaxExpense": "359000000",
      "interestAndDebtExpense": "None",
      "netIncomeFromContinuingOperations": "843000000",
      "comprehensiveIncomeNetOfTax": "None",
      "ebit": "1382000000",
      "ebitda": "2017000000",
      "netIncome": "843000000"
    },
    {
      "fiscalDateEnding": "2024-09-30",
      "reportedCurrency": "USD",
      "grossProfit": "3827000000",
      "totalRevenue": "15677000000",
      "costOfRevenue": "11850000000",
      "costofGoodsAndServicesSold": "11850000000",
      "operatingIncome": "1397000000",
      "sellingGeneralAndAdministrative": "643000000",
      "researchAndDevelopment": "None",
      "operatingExpenses": "2430000000",
      "investmentIncomeNet": "None",
      "netInterestIncome": "-173000000",
      "interestIncome": "None",
      "interestExpense": "173000000",
      "nonInterestIncome": "None",
      "otherNonOperatingIncome": "None",
      "depreciation": "None",
      "depreciationAndAmortization": "643000000",
      "incomeBeforeTax": "1561000000",
      "incomeTaxExpense": "289000000",
      "interestAndDebtExpense": "None",
      "netIncomeFromContinuingOperations": "1272000000",
      "comprehensiveIncomeNetOfTax": "None",
      "ebit": "1734000000",
      "ebitda": "2377000000",
      "netIncome": "1272000000"
    },
    {
      "fiscalDateEnding": "2024-06-30",
      "reportedCurrency": "USD",
      "grossProfit": "4600000000",
      "totalRevenue": "16658000000",
      "costOfRevenue": "12058000000",
      "costofGoodsAndServicesSold": "12058000000",
      "operatingIncome": "2267000000",
      "sellingGeneralAndAdministrative": "672000000",
      "researchAndDevelopment": "None",
      "operatingExpenses": "2333000000",
      "investmentIncomeNet": "None",
      "netInterestIncome": "-188000000",
      "interestIncome": "None",
      "interestExpense": "188000000",
      "nonInterestIncome": "None",
      "otherNonOperatingIncome": "None",
      "depreciation": "None",
      "depreciationAndAmortization": "620000000",
      "incomeBeforeTax": "1773000000",
      "incomeTaxExpense": "468000000",
      "interestAndDebtExpense": "None",
      "netIncomeFromContinuingOperations": "1305000000",
      "comprehensiveIncomeNetOfTax": "None",
      "ebit": "1961000000",
      "ebitda": "2581000000",
      "netIncome": "1305000000"
    },
    {
      "fiscalDateEnding": "2024-03-31",
      "reportedCurrency": "USD",
      "grossProfit": "2723000000",
      "totalRevenue": "13748000000",
      "costOfRevenue": "11025000000",
      "costofGoodsAndServicesSold": "11025000000",
      "operatingIncome": "614000000",
      "sellingGeneralAndAdministrative": "125000000",
      "researchAndDevelopment": "None",
      "operatingExpenses": "2109000000",
      "investmentIncomeNet": "None",
      "netInterestIncome": "-205000000",
      "interestIncome": "None",
      "interestExpense": "205000000",
      "nonInterestIncome": "None",
      "otherNonOperatingIncome": "None",
      "depreciation": "None",
      "depreciationAndAmortization": "615000000",
      "incomeBeforeTax": "122000000",
      "incomeTaxExpense": "85000000",
      "interestAndDebtExpense": "None",
      "netIncomeFromContinuingOperations": "37000000",
      "comprehensiveIncomeNetOfTax": "None",
      "ebit": "327000000",
      "ebitda": "942000000",
      "netIncome": "37000000"
    },
    {
      "fiscalDateEnding": "2023-12-31",
      "reportedCurrency": "USD",
      "grossProfit": "3488000000",
      "totalRevenue": "14223000000",
      "costOfRevenue": "10735000000",
      "costofGoodsAndServicesSold": "10735000000",
      "operatingIncome": "1322000000",
      "sellingGeneralAndAdministrative": "61000000",
      "researchAndDevelopment": "340000000",
      "operatingExpenses": "2166000000",
      "investmentIncomeNet": "None",
      "netInterestIncome": "-207000000",
      "interestIncome": "None",
      "interestExpense": "207000000",
      "nonInterestIncome": "None",
      "otherNonOperatingIncome": "None",
      "depreciation": "None",
      "depreciationAndAmortization": "610000000",
      "incomeBeforeTax": "2275000000",
      "incomeTaxExpense": "238000000",
      "interestAndDebtExpense": "None",
      "netIncomeFromContinuingOperations": "2037000000",
      "comprehensiveIncomeNetOfTax": "None",
      "ebit": "2482000000",
      "ebitda": "3092000000",
      "netIncome": "2037000000"
    },
    {
      "fiscalDateEnding": "2023-09-30",
      "reportedCurrency": "USD",
      "grossProfit": "4187000000",
      "totalRevenue": "15488000000",
      "costOfRevenue": "11301000000",
      "costofGoodsAndServicesSold": "11301000000",
      "operatingIncome": "1984000000",
      "sellingGeneralAndAdministrative": "61000000",
      "researchAndDevelopment": "None",
      "operatingExpenses": "2203000000",
      "investmentIncomeNet": "None",
      "netInterestIncome": "-196000000",
      "interestIncome": "402000000",
      "interestExpense": "196000000",
      "nonInterestIncome": "None",
      "otherNonOperatingIncome": "None",
      "depreciation": "None",
      "depreciationAndAmortization": "594000000",
      "incomeBeforeTax": "1521000000",
      "incomeTaxExpense": "413000000",
      "interestAndDebtExpense": "None",
      "netIncomeFromContinuingOperations": "1108000000",
      "comprehensiveIncomeNetOfTax": "None",
      "ebit": "1717000000",
      "ebitda": "2311000000",
      "netIncome": "1108000000"
    },
    {
      "fiscalDateEnding": "2023-06-30",
      "reportedCurrency": "USD",
      "grossProfit": "4665000000",
      "totalRevenue": "15578000000",
      "costOfRevenue": "10913000000",
      "costofGoodsAndServicesSold": "10913000000",
      "operatingIncome": "2491000000",
      "sellingGeneralAndAdministrative": "656000000",
      "researchAndDevelopment": "None",
      "operatingExpenses": "2174000000",
      "investmentIncomeNet": "None",
      "netInterestIncome": "-203000000",
      "interestIncome": "75000000",
      "interestExpense": "203000000",
      "nonInterestIncome": "None",
      "otherNonOperatingIncome": "29000000",
      "depreciation": "None",
      "depreciationAndAmortization": "573000000",
      "incomeBeforeTax": "2317000000",
      "incomeTaxExpense": "490000000",
      "interestAndDebtExpense": "None",
      "netIncomeFromContinuingOperations": "1827000000",
      "comprehensiveIncomeNetOfTax": "None",
      "ebit": "2520000000",
      "ebitda": "3093000000",
      "netIncome": "1827000000"
    },
    {
      "fiscalDateEnding": "2023-03-31",
      "reportedCurrency": "USD",
      "grossProfit": "1796000000",
      "totalRevenue": "12759000000",
      "costOfRevenue": "10963000000",
      "costofGoodsAndServicesSold": "10963000000",
      "operatingIncome": "-277000000",
      "sellingGeneralAndAdministrative": "72000000",
      "researchAndDevelopment": "None",
      "operatingExpenses": "2073000000",
      "investmentIncomeNet": "None",
      "netInterestIncome": "-227000000",
      "interestIncome": "105000000",
      "interestExpense": "227000000",
      "nonInterestIncome": "None",
      "otherNonOperatingIncome": "-2000000",
      "depreciation": "None",
      "depreciationAndAmortization": "564000000",
      "incomeBeforeTax": "-506000000",
      "incomeTaxExpense": "-143000000",
      "interestAndDebtExpense": "None",
      "netIncomeFromContinuingOperations": "-363000000",
      "comprehensiveIncomeNetOfTax": "None",
      "ebit": "-279000000",
      "ebitda": "285000000",
      "netIncome": "-363000000"
    },
    {
      "fiscalDateEnding": "2022-12-31",
      "reportedCurrency": "USD",
      "grossProfit": "3271000000",
      "totalRevenue": "13435000000",
      "costOfRevenue": "10164000000",
      "costofGoodsAndServicesSold": "10164000000",
      "operatingIncome": "1470000000",
      "sellingGeneralAndAdministrative": "74000000",
      "researchAndDevelopment": "307000000",
      "operatingExpenses": "1801000000",
      "investmentIncomeNet": "None",
      "netInterestIncome": "-238000000",
      "interestIncome": "420000000",
      "interestExpense": "238000000",
      "nonInterestIncome": "None",
      "otherNonOperatingIncome": "-112000000",
      "depreciation": "None",
      "depreciationAndAmortization": "554000000",
      "incomeBeforeTax": "1120000000",
      "incomeTaxExpense": "291000000",
      "interestAndDebtExpense": "None",
      "netIncomeFromContinuingOperations": "828000000",
      "comprehensiveIncomeNetOfTax": "None",
      "ebit": "1358000000",
      "ebitda": "1912000000",
      "netIncome": "829000000"
    },
    {
      "fiscalDateEnding": "2022-09-30",
      "reportedCurrency": "USD",
      "grossProfit": "2725000000",
      "totalRevenue": "13975000000",
      "costOfRevenue": "11250000000",
      "costofGoodsAndServicesSold": "11250000000",
      "operatingIncome": "1456000000",
      "sellingGeneralAndAdministrative": "237000000",
      "researchAndDevelopment": "None",
      "operatingExpenses": "1269000000",
      "investmentIncomeNet": "None",
      "netInterestIncome": "-248000000",
      "interestIncome": "489000000",
      "interestExpense": "248000000",
      "nonInterestIncome": "None",
      "otherNonOperatingIncome": "-246000000",
      "depreciation": "None",
      "depreciationAndAmortization": "538000000",
      "incomeBeforeTax": "962000000",
      "incomeTaxExpense": "267000000",
      "interestAndDebtExpense": "None",
      "netIncomeFromContinuingOperations": "695000000",
      "comprehensiveIncomeNetOfTax": "None",
      "ebit": "1565000000",
      "ebitda": "2103000000",
      "netIncome": "695000000"
    },
    {
      "fiscalDateEnding": "2022-06-30",
      "reportedCurrency": "USD",
      "grossProfit": "2535000000",
      "totalRevenue": "13824000000",
      "costOfRevenue": "11289000000",
      "costofGoodsAndServicesSold": "11289000000",
      "operatingIncome": "1519000000",
      "sellingGeneralAndAdministrative": "54000000",
      "researchAndDevelopment": "None",
      "operatingExpenses": "1016000000",
      "investmentIncomeNet": "None",
      "netInterestIncome": "-269000000",
      "interestIncome": "502000000",
      "interestExpense": "269000000",
      "nonInterestIncome": "None",
      "otherNonOperatingIncome": "-217000000",
      "depreciation": "None",
      "depreciationAndAmortization": "510000000",
      "incomeBeforeTax": "1033000000",
      "incomeTaxExpense": "298000000",
      "interestAndDebtExpense": "None",
      "netIncomeFromContinuingOperations": "735000000",
      "comprehensiveIncomeNetOfTax": "None",
      "ebit": "1592000000",
      "ebitda": "2102000000",
      "netIncome": "735000000"
    },
    {
      "fiscalDateEnding": "2022-03-31",
      "reportedCurrency": "USD",
      "grossProfit": "685000000",
      "totalRevenue": "9348000000",
      "costOfRevenue": "8663000000",
      "costofGoodsAndServicesSold": "8663000000",
      "operatingIncome": "-783000000",
      "sellingGeneralAndAdministrative": "73000000",
      "researchAndDevelopment": "None",
      "operatingExpenses": "1468000000",
      "investmentIncomeNet": "None",
      "netInterestIncome": "-274000000",
      "interestIncome": "421000000",
      "interestExpense": "274000000",
      "nonInterestIncome": "None",
      "otherNonOperatingIncome": "-143000000",
      "depreciation": "None",
      "depreciationAndAmortization": "506000000",
      "incomeBeforeTax": "-1200000000",
      "incomeTaxExpense": "-260000000",
      "interestAndDebtExpense": "None",
      "netIncomeFromContinuingOperations": "-940000000",
      "comprehensiveIncomeNetOfTax": "None",
      "ebit": "-926000000",
      "ebitda": "-420000000",
      "netIncome": "-940000000"
    },
    {
      "fiscalDateEnding": "2021-12-31",
      "reportedCurrency": "USD",
      "grossProfit": "1656000000",
      "totalRevenue": "9470000000",
      "costOfRevenue": "7814000000",
      "costofGoodsAndServicesSold": "7814000000",
      "operatingIncome": "263000000",
      "sellingGeneralAndAdministrative": "451000000",
      "researchAndDevelopment": "301000000",
      "operatingExpenses": "1393000000",
      "investmentIncomeNet": "None",
      "netInterestIncome": "-265000000",
      "interestIncome": "694000000",
      "interestExpense": "265000000",
      "nonInterestIncome": "None",
      "otherNonOperatingIncome": "-392000000",
      "depreciation": "None",
      "depreciationAndAmortization": "504000000",
      "incomeBeforeTax": "-395000000",
      "incomeTaxExpense": "13000000",
      "interestAndDebtExpense": "None",
      "netIncomeFromContinuingOperations": "-408000000",
      "comprehensiveIncomeNetOfTax": "None",
      "ebit": "-130000000",
      "ebitda": "374000000",
      "netIncome": "-408000000"
    },
    {
      "fiscalDateEnding": "2021-09-30",
      "reportedCurrency": "USD",
      "grossProfit": "1715000000",
      "totalRevenue": "9154000000",
      "costOfRevenue": "7439000000",
      "costofGoodsAndServicesSold": "7439000000",
      "operatingIncome": "2205000000",
      "sellingGeneralAndAdministrative": "111000000",
      "researchAndDevelopment": "None",
      "operatingExpenses": "-490000000",
      "investmentIncomeNet": "None",
      "netInterestIncome": "-314000000",
      "interestIncome": "586000000",
      "interestExpense": "314000000",
      "nonInterestIncome": "None",
      "otherNonOperatingIncome": "-359000000",
      "depreciation": "None",
      "depreciationAndAmortization": "501000000",
      "incomeBeforeTax": "1532000000",
      "incomeTaxExpense": "320000000",
      "interestAndDebtExpense": "None",
      "netIncomeFromContinuingOperations": "1212000000",
      "comprehensiveIncomeNetOfTax": "None",
      "ebit": "1846000000",
      "ebitda": "2347000000",
      "netIncome": "1212000000"
    },
    {
      "fiscalDateEnding": "2021-06-30",
      "reportedCurrency": "USD",
      "grossProfit": "442000000",
      "totalRevenue": "7126000000",
      "costOfRevenue": "6684000000",
      "costofGoodsAndServicesSold": "6684000000",
      "operatingIncome": "816000000",
      "sellingGeneralAndAdministrative": "119000000",
      "researchAndDevelopment": "None",
      "operatingExpenses": "-374000000",
      "investmentIncomeNet": "None",
      "netInterestIncome": "-338000000",
      "interestIncome": "127000000",
      "interestExpense": "338000000",
      "nonInterestIncome": "None",
      "otherNonOperatingIncome": "298000000",
      "depreciation": "None",
      "depreciationAndAmortization": "501000000",
      "incomeBeforeTax": "776000000",
      "incomeTaxExpense": "124000000",
      "interestAndDebtExpense": "None",
      "netIncomeFromContinuingOperations": "652000000",
      "comprehensiveIncomeNetOfTax": "None",
      "ebit": "1114000000",
      "ebitda": "1615000000",
      "netIncome": "652000000"
    },
    {
      "fiscalDateEnding": "2021-03-31",
      "reportedCurrency": "USD",
      "grossProfit": "-1677000000",
      "totalRevenue": "4150000000",
      "costOfRevenue": "5827000000",
      "costofGoodsAndServicesSold": "5827000000",
      "operatingIncome": "-1398000000",
      "sellingGeneralAndAdministrative": "107000000",
      "researchAndDevelopment": "None",
      "operatingExpenses": "-279000000",
      "investmentIncomeNet": "None",
      "netInterestIncome": "-361000000",
      "interestIncome": "153000000",
      "interestExpense": "361000000",
      "nonInterestIncome": "None",
      "otherNonOperatingIncome": "244000000",
      "depreciation": "None",
      "depreciationAndAmortization": "492000000",
      "incomeBeforeTax": "-1515000000",
      "incomeTaxExpense": "-338000000",
      "interestAndDebtExpense": "None",
      "netIncomeFromContinuingOperations": "-1177000000",
      "comprehensiveIncomeNetOfTax": "None",
      "ebit": "-1154000000",
      "ebitda": "-662000000",
      "netIncome": "-1177000000"
    },
    {
      "fiscalDateEnding": "2020-12-31",
      "reportedCurrency": "USD",
      "grossProfit": "-1105000000",
      "totalRevenue": "3973000000",
      "costOfRevenue": "5078000000",
      "costofGoodsAndServicesSold": "5078000000",
      "operatingIncome": "-858000000",
      "sellingGeneralAndAdministrative": "2624000000",
      "researchAndDevelopment": "304000000",
      "operatingExpenses": "-247000000",
      "investmentIncomeNet": "None",
      "netInterestIncome": "-365000000",
      "interestIncome": "271000000",
      "interestExpense": "365000000",
      "nonInterestIncome": "None",
      "otherNonOperatingIncome": "116000000",
      "depreciation": "None",
      "depreciationAndAmortization": "499000000",
      "incomeBeforeTax": "-1108000000",
      "incomeTaxExpense": "-353000000",
      "interestAndDebtExpense": "None",
      "netIncomeFromContinuingOperations": "-755000000",
      "comprehensiveIncomeNetOfTax": "None",
      "ebit": "-743000000",
      "ebitda": "-244000000",
      "netIncome": "-755000000"
    },
    {
      "fiscalDateEnding": "2020-09-30",
      "reportedCurrency": "USD",
      "grossProfit": "-1587000000",
      "totalRevenue": "3062000000",
      "costOfRevenue": "4649000000",
      "costofGoodsAndServicesSold": "4649000000",
      "operatingIncome": "-6386000000",
      "sellingGeneralAndAdministrative": "2667000000",
      "researchAndDevelopment": "None",
      "operatingExpenses": "4799000000",
      "investmentIncomeNet": "None",
      "netInterestIncome": "-291000000",
      "interestIncome": "500000000",
      "interestExpense": "291000000",
      "nonInterestIncome": "None",
      "otherNonOperatingIncome": "-182000000",
      "depreciation": "None",
      "depreciationAndAmortization": "544000000",
      "incomeBeforeTax": "-6859000000",
      "incomeTaxExpense": "-1480000000",
      "interestAndDebtExpense": "None",
      "netIncomeFromContinuingOperations": "-5379000000",
      "comprehensiveIncomeNetOfTax": "None",
      "ebit": "-6568000000",
      "ebitda": "-6024000000",
      "netIncome": "-5379000000"
    },
    {
      "fiscalDateEnding": "2020-06-30",
      "reportedCurrency": "USD",
      "grossProfit": "-3013000000",
      "totalRevenue": "1468000000",
      "costOfRevenue": "4481000000",
      "costofGoodsAndServicesSold": "4481000000",
      "operatingIncome": "-4815000000",
      "sellingGeneralAndAdministrative": "2671000000",
      "researchAndDevelopment": "None",
      "operatingExpenses": "1802000000",
      "investmentIncomeNet": "None",
      "netInterestIncome": "-194000000",
      "interestIncome": "2244000000",
      "interestExpense": "194000000",
      "nonInterestIncome": "None",
      "otherNonOperatingIncome": "-2005000000",
      "depreciation": "None",
      "depreciationAndAmortization": "589000000",
      "incomeBeforeTax": "-7014000000",
      "incomeTaxExpense": "-1297000000",
      "interestAndDebtExpense": "None",
      "netIncomeFromContinuingOperations": "-5717000000",
      "comprehensiveIncomeNetOfTax": "None",
      "ebit": "-6820000000",
      "ebitda": "-6231000000",
      "netIncome": "-5717000000"
    },
    {
      "fiscalDateEnding": "2020-03-31",
      "reportedCurrency": "USD",
      "grossProfit": "1269000000",
      "totalRevenue": "8592000000",
      "costOfRevenue": "7323000000",
      "costofGoodsAndServicesSold": "7323000000",
      "operatingIncome": "-410000000",
      "sellingGeneralAndAdministrative": "4315000000",
      "researchAndDevelopment": "None",
      "operatingExpenses": "1679000000",
      "investmentIncomeNet": "None",
      "netInterestIncome": "-79000000",
      "interestIncome": "191000000",
      "interestExpense": "79000000",
      "nonInterestIncome": "None",
      "otherNonOperatingIncome": "-118000000",
      "depreciation": "None",
      "depreciationAndAmortization": "678000000",
      "incomeBeforeTax": "-607000000",
      "incomeTaxExpense": "-73000000",
      "interestAndDebtExpense": "None",
      "netIncomeFromContinuingOperations": "-534000000",
      "comprehensiveIncomeNetOfTax": "None",
      "ebit": "-528000000",
      "ebitda": "150000000",
      "netIncome": "-534000000"
    },
    {
      "fiscalDateEnding": "2019-12-31",
      "reportedCurrency": "USD",
      "grossProfit": "2341000000",
      "totalRevenue": "11439000000",
      "costOfRevenue": "9098000000",
      "costofGoodsAndServicesSold": "9098000000",
      "operatingIncome": "1399000000",
      "sellingGeneralAndAdministrative": "4947000000",
      "researchAndDevelopment": "239000000",
      "operatingExpenses": "10040000000",
      "investmentIncomeNet": "None",
      "netInterestIncome": "-73000000",
      "interestIncome": "63000000",
      "interestExpense": "73000000",
      "nonInterestIncome": "None",
      "otherNonOperatingIncome": "72000000",
      "depreciation": "None",
      "depreciationAndAmortization": "622000000",
      "incomeBeforeTax": "1398000000",
      "incomeTaxExpense": "299000000",
      "interestAndDebtExpense": "None",
      "netIncomeFromContinuingOperations": "1099000000",
      "comprehensiveIncomeNetOfTax": "None",
      "ebit": "1335000000",
      "ebitda": "2021000000",
      "netIncome": "1099000000"
    },
    {
      "fiscalDateEnding": "2019-09-30",
      "reportedCurrency": "USD",
      "grossProfit": "3771000000",
      "totalRevenue": "12560000000",
      "costOfRevenue": "8789000000",
      "costofGoodsAndServicesSold": "8789000000",
      "operatingIncome": "2071000000",
      "sellingGeneralAndAdministrative": "517000000",
      "researchAndDevelopment": "None",
      "operatingExpenses": "1700000000",
      "investmentIncomeNet": "None",
      "netInterestIncome": "-70000000",
      "interestIncome": "105000000",
      "interestExpense": "70000000",
      "nonInterestIncome": "None",
      "otherNonOperatingIncome": "-54000000",
      "depreciation": "None",
      "depreciationAndAmortization": "632000000",
      "incomeBeforeTax": "1947000000",
      "incomeTaxExpense": "452000000",
      "interestAndDebtExpense": "None",
      "netIncomeFromContinuingOperations": "1495000000",
      "comprehensiveIncomeNetOfTax": "None",
      "ebit": "2017000000",
      "ebitda": "2649000000",
      "netIncome": "1495000000"
    },
    {
      "fiscalDateEnding": "2019-06-30",
      "reportedCurrency": "USD",
      "grossProfit": "3736000000",
      "totalRevenue": "12536000000",
      "costOfRevenue": "8800000000",
      "costofGoodsAndServicesSold": "8800000000",
      "operatingIncome": "2128000000",
      "sellingGeneralAndAdministrative": "518000000",
      "researchAndDevelopment": "None",
      "operatingExpenses": "1608000000",
      "investmentIncomeNet": "None",
      "netInterestIncome": "-75000000",
      "interestIncome": "157000000",
      "interestExpense": "75000000",
      "nonInterestIncome": "None",
      "otherNonOperatingIncome": "-146000000",
      "depreciation": "None",
      "depreciationAndAmortization": "713000000",
      "incomeBeforeTax": "1907000000",
      "incomeTaxExpense": "464000000",
      "interestAndDebtExpense": "None",
      "netIncomeFromContinuingOperations": "1443000000",
      "comprehensiveIncomeNetOfTax": "None",
      "ebit": "1982000000",
      "ebitda": "2695000000",
      "netIncome": "1443000000"
    },
    {
      "fiscalDateEnding": "2019-03-31",
      "reportedCurrency": "USD",
      "grossProfit": "2508000000",
      "totalRevenue": "10472000000",
      "costOfRevenue": "7964000000",
      "costofGoodsAndServicesSold": "7964000000",
      "operatingIncome": "1020000000",
      "sellingGeneralAndAdministrative": "220000000",
      "researchAndDevelopment": "None",
      "operatingExpenses": "1488000000",
      "investmentIncomeNet": "None",
      "netInterestIncome": "-83000000",
      "interestIncome": "None",
      "interestExpense": "83000000",
      "nonInterestIncome": "None",
      "otherNonOperatingIncome": "9000000",
      "depreciation": "None",
      "depreciationAndAmortization": "615000000",
      "incomeBeforeTax": "946000000",
      "incomeTaxExpense": "216000000",
      "interestAndDebtExpense": "None",
      "netIncomeFromContinuingOperations": "730000000",
      "comprehensiveIncomeNetOfTax": "None",
      "ebit": "1029000000",
      "ebitda": "1644000000",
      "netIncome": "730000000"
    },
    {
      "fiscalDateEnding": "2018-12-31",
      "reportedCurrency": "USD",
      "grossProfit": "2518000000",
      "totalRevenue": "10742000000",
      "costOfRevenue": "8224000000",
      "costofGoodsAndServicesSold": "8224000000",
      "operatingIncome": "1103000000",
      "sellingGeneralAndAdministrative": "323000000",
      "researchAndDevelopment": "205000000",
      "operatingExpenses": "1415000000",
      "investmentIncomeNet": "None",
      "netInterestIncome": "None",
      "interestIncome": "None",
      "interestExpense": "37000000",
      "nonInterestIncome": "None",
      "otherNonOperatingIncome": "321000000",
      "depreciation": "None",
      "depreciationAndAmortization": "570000000",
      "incomeBeforeTax": "1387000000",
      "incomeTaxExpense": "336000000",
      "interestAndDebtExpense": "None",
      "netIncomeFromContinuingOperations": "1051000000",
      "comprehensiveIncomeNetOfTax": "None",
      "ebit": "1424000000",
      "ebitda": "1994000000",
      "netIncome": "1051000000"
    },
    {
      "fiscalDateEnding": "2018-09-30",
      "reportedCurrency": "USD",
      "grossProfit": "3197000000",
      "totalRevenue": "11953000000",
      "costOfRevenue": "8756000000",
      "costofGoodsAndServicesSold": "8756000000",
      "operatingIncome": "1645000000",
      "sellingGeneralAndAdministrative": "399000000",
      "researchAndDevelopment": "0",
      "operatingExpenses": "1552000000",
      "investmentIncomeNet": "None",
      "netInterestIncome": "None",
      "interestIncome": "None",
      "interestExpense": "73000000",
      "nonInterestIncome": "None",
      "otherNonOperatingIncome": "116000000",
      "depreciation": "None",
      "depreciationAndAmortization": "66000000",
      "incomeBeforeTax": "1688000000",
      "incomeTaxExpense": "366000000",
      "interestAndDebtExpense": "None",
      "netIncomeFromContinuingOperations": "1312000000",
      "comprehensiveIncomeNetOfTax": "None",
      "ebit": "1761000000",
      "ebitda": "1827000000",
      "netIncome": "1322000000"
    },
    {
      "fiscalDateEnding": "2018-06-30",
      "reportedCurrency": "USD",
      "grossProfit": "3173000000",
      "totalRevenue": "11775000000",
      "costOfRevenue": "8602000000",
      "costofGoodsAndServicesSold": "8602000000",
      "operatingIncome": "1684000000",
      "sellingGeneralAndAdministrative": "404000000",
      "researchAndDevelopment": "0",
      "operatingExpenses": "1489000000",
      "investmentIncomeNet": "None",
      "netInterestIncome": "None",
      "interestIncome": "None",
      "interestExpense": "79000000",
      "nonInterestIncome": "None",
      "otherNonOperatingIncome": "-219000000",
      "depreciation": "None",
      "depreciationAndAmortization": "19000000",
      "incomeBeforeTax": "1386000000",
      "incomeTaxExpense": "350000000",
      "interestAndDebtExpense": "None",
      "netIncomeFromContinuingOperations": "1025000000",
      "comprehensiveIncomeNetOfTax": "None",
      "ebit": "1465000000",
      "ebitda": "1484000000",
      "netIncome": "1036000000"
    },
    {
      "fiscalDateEnding": "2018-03-31",
      "reportedCurrency": "USD",
      "grossProfit": "2225000000",
      "totalRevenue": "9968000000",
      "costOfRevenue": "7743000000",
      "costofGoodsAndServicesSold": "7743000000",
      "operatingIncome": "844000000",
      "sellingGeneralAndAdministrative": "188000000",
      "researchAndDevelopment": "0",
      "operatingExpenses": "1381000000",
      "investmentIncomeNet": "None",
      "netInterestIncome": "None",
      "interestIncome": "None",
      "interestExpense": "92000000",
      "nonInterestIncome": "None",
      "otherNonOperatingIncome": "-20000000",
      "depreciation": "None",
      "depreciationAndAmortization": "610000000",
      "incomeBeforeTax": "732000000",
      "incomeTaxExpense": "175000000",
      "interestAndDebtExpense": "None",
      "netIncomeFromContinuingOperations": "547000000",
      "comprehensiveIncomeNetOfTax": "None",
      "ebit": "824000000",
      "ebitda": "1434000000",
      "netIncome": "557000000"
    },
    {
      "fiscalDateEnding": "2017-12-31",
      "reportedCurrency": "USD",
      "grossProfit": "2850000000",
      "totalRevenue": "10245000000",
      "costOfRevenue": "7395000000",
      "costofGoodsAndServicesSold": "7395000000",
      "operatingIncome": "1194000000",
      "sellingGeneralAndAdministrative": "262000000",
      "researchAndDevelopment": "187000000",
      "operatingExpenses": "1656000000",
      "investmentIncomeNet": "None",
      "netInterestIncome": "None",
      "interestIncome": "None",
      "interestExpense": "99000000",
      "nonInterestIncome": "None",
      "otherNonOperatingIncome": "-5000000",
      "depreciation": "None",
      "depreciationAndAmortization": "-5000000",
      "incomeBeforeTax": "1090000000",
      "incomeTaxExpense": "518000000",
      "interestAndDebtExpense": "None",
      "netIncomeFromContinuingOperations": "572000000",
      "comprehensiveIncomeNetOfTax": "None",
      "ebit": "1189000000",
      "ebitda": "1184000000",
      "netIncome": "572000000"
    },
    {
      "fiscalDateEnding": "2017-09-30",
      "reportedCurrency": "USD",
      "grossProfit": "3296000000",
      "totalRevenue": "11061000000",
      "costOfRevenue": "7765000000",
      "costofGoodsAndServicesSold": "7765000000",
      "operatingIncome": "1823000000",
      "sellingGeneralAndAdministrative": "314000000",
      "researchAndDevelopment": "0",
      "operatingExpenses": "1473000000",
      "investmentIncomeNet": "None",
      "netInterestIncome": "None",
      "interestIncome": "None",
      "interestExpense": "100000000",
      "nonInterestIncome": "None",
      "otherNonOperatingIncome": "66000000",
      "depreciation": "None",
      "depreciationAndAmortization": "66000000",
      "incomeBeforeTax": "1776000000",
      "incomeTaxExpense": "617000000",
      "interestAndDebtExpense": "None",
      "netIncomeFromContinuingOperations": "1178000000",
      "comprehensiveIncomeNetOfTax": "None",
      "ebit": "1876000000",
      "ebitda": "1942000000",
      "netIncome": "1159000000"
    },
    {
      "fiscalDateEnding": "2017-06-30",
      "reportedCurrency": "USD",
      "grossProfit": "3401000000",
      "totalRevenue": "10747000000",
      "costOfRevenue": "7346000000",
      "costofGoodsAndServicesSold": "7346000000",
      "operatingIncome": "1982000000",
      "sellingGeneralAndAdministrative": "338000000",
      "researchAndDevelopment": "0",
      "operatingExpenses": "1419000000",
      "investmentIncomeNet": "None",
      "netInterestIncome": "None",
      "interestIncome": "None",
      "interestExpense": "103000000",
      "nonInterestIncome": "None",
      "otherNonOperatingIncome": "-34000000",
      "depreciation": "None",
      "depreciationAndAmortization": "-34000000",
      "incomeBeforeTax": "1831000000",
      "incomeTaxExpense": "645000000",
      "interestAndDebtExpense": "None",
      "netIncomeFromContinuingOperations": "1224000000",
      "comprehensiveIncomeNetOfTax": "None",
      "ebit": "1934000000",
      "ebitda": "1900000000",
      "netIncome": "1186000000"
    },
    {
      "fiscalDateEnding": "2017-03-31",
      "reportedCurrency": "USD",
      "grossProfit": "2278000000",
      "totalRevenue": "9101000000",
      "costOfRevenue": "6823000000",
      "costofGoodsAndServicesSold": "6823000000",
      "operatingIncome": "999000000",
      "sellingGeneralAndAdministrative": "151000000",
      "researchAndDevelopment": "0",
      "operatingExpenses": "1279000000",
      "investmentIncomeNet": "None",
      "netInterestIncome": "None",
      "interestIncome": "None",
      "interestExpense": "94000000",
      "nonInterestIncome": "None",
      "otherNonOperatingIncome": "-44000000",
      "depreciation": "None",
      "depreciationAndAmortization": "540000000",
      "incomeBeforeTax": "849000000",
      "incomeTaxExpense": "288000000",
      "interestAndDebtExpense": "None",
      "netIncomeFromContinuingOperations": "603000000",
      "comprehensiveIncomeNetOfTax": "None",
      "ebit": "943000000",
      "ebitda": "1483000000",
      "netIncome": "561000000"
    },
    {
      "fiscalDateEnding": "2016-12-31",
      "reportedCurrency": "USD",
      "grossProfit": "2113000000",
      "totalRevenue": "9458000000",
      "costOfRevenue": "7345000000",
      "costofGoodsAndServicesSold": "7345000000",
      "operatingIncome": "1020000000",
      "sellingGeneralAndAdministrative": "193000000",
      "researchAndDevelopment": "160000000",
      "operatingExpenses": "1093000000",
      "investmentIncomeNet": "None",
      "netInterestIncome": "None",
      "interestIncome": "None",
      "interestExpense": "93000000",
      "nonInterestIncome": "None",
      "otherNonOperatingIncome": "25000000",
      "depreciation": "None",
      "depreciationAndAmortization": "472000000",
      "incomeBeforeTax": "952000000",
      "incomeTaxExpense": "330000000",
      "interestAndDebtExpense": "None",
      "netIncomeFromContinuingOperations": "622000000",
      "comprehensiveIncomeNetOfTax": "None",
      "ebit": "1045000000",
      "ebitda": "1517000000",
      "netIncome": "622000000"
    },
    {
      "fiscalDateEnding": "2016-09-30",
      "reportedCurrency": "USD",
      "grossProfit": "3482000000",
      "totalRevenue": "10483000000",
      "costOfRevenue": "7001000000",
      "costofGoodsAndServicesSold": "7001000000",
      "operatingIncome": "1969000000",
      "sellingGeneralAndAdministrative": "326000000",
      "researchAndDevelopment": "0",
      "operatingExpenses": "1513000000",
      "investmentIncomeNet": "None",
      "netInterestIncome": "None",
      "interestIncome": "None",
      "interestExpense": "95000000",
      "nonInterestIncome": "None",
      "otherNonOperatingIncome": "26000000",
      "depreciation": "None",
      "depreciationAndAmortization": "474000000",
      "incomeBeforeTax": "1900000000",
      "incomeTaxExpense": "641000000",
      "interestAndDebtExpense": "None",
      "netIncomeFromContinuingOperations": "1259000000",
      "comprehensiveIncomeNetOfTax": "None",
      "ebit": "1995000000",
      "ebitda": "2469000000",
      "netIncome": "1259000000"
    },
    {
      "fiscalDateEnding": "2016-06-30",
      "reportedCurrency": "USD",
      "grossProfit": "3829000000",
      "totalRevenue": "10447000000",
      "costOfRevenue": "6618000000",
      "costofGoodsAndServicesSold": "6618000000",
      "operatingIncome": "2423000000",
      "sellingGeneralAndAdministrative": "324000000",
      "researchAndDevelopment": "0",
      "operatingExpenses": "1406000000",
      "investmentIncomeNet": "None",
      "netInterestIncome": "None",
      "interestIncome": "None",
      "interestExpense": "93000000",
      "nonInterestIncome": "None",
      "otherNonOperatingIncome": "20000000",
      "depreciation": "None",
      "depreciationAndAmortization": "470000000",
      "incomeBeforeTax": "2350000000",
      "incomeTaxExpense": "804000000",
      "interestAndDebtExpense": "None",
      "netIncomeFromContinuingOperations": "1546000000",
      "comprehensiveIncomeNetOfTax": "None",
      "ebit": "2443000000",
      "ebitda": "2913000000",
      "netIncome": "1546000000"
    },
    {
      "fiscalDateEnding": "2016-03-31",
      "reportedCurrency": "USD",
      "grossProfit": "2897000000",
      "totalRevenue": "9251000000",
      "costOfRevenue": "6354000000",
      "costofGoodsAndServicesSold": "6354000000",
      "operatingIncome": "1540000000",
      "sellingGeneralAndAdministrative": "272000000",
      "researchAndDevelopment": "0",
      "operatingExpenses": "1357000000",
      "investmentIncomeNet": "None",
      "netInterestIncome": "None",
      "interestIncome": "None",
      "interestExpense": "107000000",
      "nonInterestIncome": "None",
      "otherNonOperatingIncome": "1000000",
      "depreciation": "None",
      "depreciationAndAmortization": "1000000",
      "incomeBeforeTax": "1434000000",
      "incomeTaxExpense": "488000000",
      "interestAndDebtExpense": "None",
      "netIncomeFromContinuingOperations": "946000000",
      "comprehensiveIncomeNetOfTax": "None",
      "ebit": "1541000000",
      "ebitda": "1542000000",
      "netIncome": "946000000"
    },
    {
      "fiscalDateEnding": "2015-12-31",
      "reportedCurrency": "USD",
      "grossProfit": "2985000000",
      "totalRevenue": "9502000000",
      "costOfRevenue": "6517000000",
      "costofGoodsAndServicesSold": "6517000000",
      "operatingIncome": "1717000000",
      "sellingGeneralAndAdministrative": "380000000",
      "researchAndDevelopment": "148000000",
      "operatingExpenses": "1268000000",
      "investmentIncomeNet": "None",
      "netInterestIncome": "None",
      "interestIncome": "None",
      "interestExpense": "102000000",
      "nonInterestIncome": "None",
      "otherNonOperatingIncome": "-82000000",
      "depreciation": "None",
      "depreciationAndAmortization": "451000000",
      "incomeBeforeTax": "1533000000",
      "incomeTaxExpense": "553000000",
      "interestAndDebtExpense": "None",
      "netIncomeFromContinuingOperations": "980000000",
      "comprehensiveIncomeNetOfTax": "None",
      "ebit": "1635000000",
      "ebitda": "2086000000",
      "netIncome": "980000000"
    },
    {
      "fiscalDateEnding": "2015-09-30",
      "reportedCurrency": "USD",
      "grossProfit": "3718000000",
      "totalRevenue": "11107000000",
      "costOfRevenue": "7389000000",
      "costofGoodsAndServicesSold": "7389000000",
      "operatingIncome": "2213000000",
      "sellingGeneralAndAdministrative": "563000000",
      "researchAndDevelopment": "0",
      "operatingExpenses": "1505000000",
      "investmentIncomeNet": "None",
      "netInterestIncome": "None",
      "interestIncome": "None",
      "interestExpense": "121000000",
      "nonInterestIncome": "None",
      "otherNonOperatingIncome": "-20000000",
      "depreciation": "None",
      "depreciationAndAmortization": "-20000000",
      "incomeBeforeTax": "2072000000",
      "incomeTaxExpense": "757000000",
      "interestAndDebtExpense": "None",
      "netIncomeFromContinuingOperations": "1315000000",
      "comprehensiveIncomeNetOfTax": "None",
      "ebit": "2193000000",
      "ebitda": "2173000000",
      "netIncome": "1315000000"
    },
    {
      "fiscalDateEnding": "2015-06-30",
      "reportedCurrency": "USD",
      "grossProfit": "3925000000",
      "totalRevenue": "10707000000",
      "costOfRevenue": "6782000000",
      "costofGoodsAndServicesSold": "6782000000",
      "operatingIncome": "2474000000",
      "sellingGeneralAndAdministrative": "411000000",
      "researchAndDevelopment": "0",
      "operatingExpenses": "1451000000",
      "investmentIncomeNet": "None",
      "netInterestIncome": "None",
      "interestIncome": "None",
      "interestExpense": "127000000",
      "nonInterestIncome": "None",
      "otherNonOperatingIncome": "19000000",
      "depreciation": "None",
      "depreciationAndAmortization": "44000000",
      "incomeBeforeTax": "2366000000",
      "incomeTaxExpense": "881000000",
      "interestAndDebtExpense": "None",
      "netIncomeFromContinuingOperations": "1485000000",
      "comprehensiveIncomeNetOfTax": "None",
      "ebit": "2493000000",
      "ebitda": "2537000000",
      "netIncome": "1485000000"
    },
    {
      "fiscalDateEnding": "2015-03-31",
      "reportedCurrency": "USD",
      "grossProfit": "2727000000",
      "totalRevenue": "9388000000",
      "costOfRevenue": "6661000000",
      "costofGoodsAndServicesSold": "6661000000",
      "operatingIncome": "1398000000",
      "sellingGeneralAndAdministrative": "136000000",
      "researchAndDevelopment": "0",
      "operatingExpenses": "1329000000",
      "investmentIncomeNet": "None",
      "netInterestIncome": "None",
      "interestIncome": "None",
      "interestExpense": "131000000",
      "nonInterestIncome": "None",
      "otherNonOperatingIncome": "-81000000",
      "depreciation": "None",
      "depreciationAndAmortization": "-71000000",
      "incomeBeforeTax": "1186000000",
      "incomeTaxExpense": "440000000",
      "interestAndDebtExpense": "None",
      "netIncomeFromContinuingOperations": "746000000",
      "comprehensiveIncomeNetOfTax": "None",
      "ebit": "1317000000",
      "ebitda": "1246000000",
      "netIncome": "746000000"
    },
    {
      "fiscalDateEnding": "2014-12-31",
      "reportedCurrency": "USD",
      "grossProfit": "568000000",
      "totalRevenue": "9647000000",
      "costOfRevenue": "9079000000",
      "costofGoodsAndServicesSold": "9079000000",
      "operatingIncome": "-828000000",
      "sellingGeneralAndAdministrative": "262000000",
      "researchAndDevelopment": "129000000",
      "operatingExpenses": "1396000000",
      "investmentIncomeNet": "None",
      "netInterestIncome": "None",
      "interestIncome": "None",
      "interestExpense": "137000000",
      "nonInterestIncome": "None",
      "otherNonOperatingIncome": "-122000000",
      "depreciation": "None",
      "depreciationAndAmortization": "-103000000",
      "incomeBeforeTax": "-1140000000",
      "incomeTaxExpense": "-428000000",
      "interestAndDebtExpense": "None",
      "netIncomeFromContinuingOperations": "-712000000",
      "comprehensiveIncomeNetOfTax": "None",
      "ebit": "-1003000000",
      "ebitda": "-1106000000",
      "netIncome": "-712000000"
    },
    {
      "fiscalDateEnding": "2014-09-30",
      "reportedCurrency": "USD",
      "grossProfit": "2855000000",
      "totalRevenue": "11178000000",
      "costOfRevenue": "8323000000",
      "costofGoodsAndServicesSold": "8323000000",
      "operatingIncome": "835000000",
      "sellingGeneralAndAdministrative": "384000000",
      "researchAndDevelopment": "0",
      "operatingExpenses": "2020000000",
      "investmentIncomeNet": "None",
      "netInterestIncome": "None",
      "interestIncome": "None",
      "interestExpense": "154000000",
      "nonInterestIncome": "None",
      "otherNonOperatingIncome": "-116000000",
      "depreciation": "None",
      "depreciationAndAmortization": "602000000",
      "incomeBeforeTax": "579000000",
      "incomeTaxExpense": "222000000",
      "interestAndDebtExpense": "None",
      "netIncomeFromContinuingOperations": "357000000",
      "comprehensiveIncomeNetOfTax": "None",
      "ebit": "733000000",
      "ebitda": "1335000000",
      "netIncome": "357000000"
    },
    {
      "fiscalDateEnding": "2014-06-30",
      "reportedCurrency": "USD",
      "grossProfit": "2897000000",
      "totalRevenue": "10621000000",
      "costOfRevenue": "7724000000",
      "costofGoodsAndServicesSold": "7724000000",
      "operatingIncome": "1579000000",
      "sellingGeneralAndAdministrative": "340000000",
      "researchAndDevelopment": "0",
      "operatingExpenses": "1318000000",
      "investmentIncomeNet": "None",
      "netInterestIncome": "None",
      "interestIncome": "None",
      "interestExpense": "173000000",
      "nonInterestIncome": "None",
      "otherNonOperatingIncome": "-126000000",
      "depreciation": "None",
      "depreciationAndAmortization": "33000000",
      "incomeBeforeTax": "1298000000",
      "incomeTaxExpense": "497000000",
      "interestAndDebtExpense": "None",
      "netIncomeFromContinuingOperations": "801000000",
      "comprehensiveIncomeNetOfTax": "None",
      "ebit": "1471000000",
      "ebitda": "1504000000",
      "netIncome": "801000000"
    },
    {
      "fiscalDateEnding": "2014-03-31",
      "reportedCurrency": "USD",
      "grossProfit": "1848000000",
      "totalRevenue": "8916000000",
      "costOfRevenue": "7068000000",
      "costofGoodsAndServicesSold": "7068000000",
      "operatingIncome": "620000000",
      "sellingGeneralAndAdministrative": "99000000",
      "researchAndDevelopment": "0",
      "operatingExpenses": "1228000000",
      "investmentIncomeNet": "None",
      "netInterestIncome": "None",
      "interestIncome": "None",
      "interestExpense": "186000000",
      "nonInterestIncome": "None",
      "otherNonOperatingIncome": "-120000000",
      "depreciation": "None",
      "depreciationAndAmortization": "-32000000",
      "incomeBeforeTax": "335000000",
      "incomeTaxExpense": "122000000",
      "interestAndDebtExpense": "None",
      "netIncomeFromContinuingOperations": "213000000",
      "comprehensiveIncomeNetOfTax": "None",
      "ebit": "521000000",
      "ebitda": "489000000",
      "netIncome": "213000000"
    },
    {
      "fiscalDateEnding": "2013-12-31",
      "reportedCurrency": "USD",
      "grossProfit": "2038000000",
      "totalRevenue": "9076000000",
      "costOfRevenue": "7038000000",
      "costofGoodsAndServicesSold": "7038000000",
      "operatingIncome": "701000000",
      "sellingGeneralAndAdministrative": "119000000",
      "researchAndDevelopment": "110000000",
      "operatingExpenses": "1337000000",
      "investmentIncomeNet": "None",
      "netInterestIncome": "None",
      "interestIncome": "None",
      "interestExpense": "206000000",
      "nonInterestIncome": "None",
      "otherNonOperatingIncome": "-54000000",
      "depreciation": "None",
      "depreciationAndAmortization": "140000000",
      "incomeBeforeTax": "475000000",
      "incomeTaxExpense": "-8004000000",
      "interestAndDebtExpense": "None",
      "netIncomeFromContinuingOperations": "8479000000",
      "comprehensiveIncomeNetOfTax": "None",
      "ebit": "681000000",
      "ebitda": "821000000",
      "netIncome": "8479000000"
    },
    {
      "fiscalDateEnding": "2013-09-30",
      "reportedCurrency": "USD",
      "grossProfit": "2984000000",
      "totalRevenue": "10490000000",
      "costOfRevenue": "7506000000",
      "costofGoodsAndServicesSold": "7506000000",
      "operatingIncome": "1563000000",
      "sellingGeneralAndAdministrative": "249000000",
      "researchAndDevelopment": "0",
      "operatingExpenses": "1421000000",
      "investmentIncomeNet": "None",
      "netInterestIncome": "None",
      "interestIncome": "None",
      "interestExpense": "213000000",
      "nonInterestIncome": "None",
      "otherNonOperatingIncome": "-24000000",
      "depreciation": "None",
      "depreciationAndAmortization": "119000000",
      "incomeBeforeTax": "1363000000",
      "incomeTaxExpense": "-6000000",
      "interestAndDebtExpense": "None",
      "netIncomeFromContinuingOperations": "1369000000",
      "comprehensiveIncomeNetOfTax": "None",
      "ebit": "1576000000",
      "ebitda": "1695000000",
      "netIncome": "1369000000"
    },
    {
      "fiscalDateEnding": "2013-06-30",
      "reportedCurrency": "USD",
      "grossProfit": "2130000000",
      "totalRevenue": "9707000000",
      "costOfRevenue": "7577000000",
      "costofGoodsAndServicesSold": "7577000000",
      "operatingIncome": "914000000",
      "sellingGeneralAndAdministrative": "118000000",
      "researchAndDevelopment": "0",
      "operatingExpenses": "1216000000",
      "investmentIncomeNet": "None",
      "netInterestIncome": "None",
      "interestIncome": "None",
      "interestExpense": "213000000",
      "nonInterestIncome": "None",
      "otherNonOperatingIncome": "-56000000",
      "depreciation": "None",
      "depreciationAndAmortization": "19000000",
      "incomeBeforeTax": "686000000",
      "incomeTaxExpense": "1000000",
      "interestAndDebtExpense": "None",
      "netIncomeFromContinuingOperations": "685000000",
      "comprehensiveIncomeNetOfTax": "None",
      "ebit": "899000000",
      "ebitda": "918000000",
      "netIncome": "685000000"
    },
    {
      "fiscalDateEnding": "2013-03-31",
      "reportedCurrency": "USD",
      "grossProfit": "1438000000",
      "totalRevenue": "8500000000",
      "costOfRevenue": "7062000000",
      "costofGoodsAndServicesSold": "7062000000",
      "operatingIncome": "222000000",
      "sellingGeneralAndAdministrative": "20000000",
      "researchAndDevelopment": "0",
      "operatingExpenses": "1216000000",
      "investmentIncomeNet": "None",
      "netInterestIncome": "None",
      "interestIncome": "None",
      "interestExpense": "220000000",
      "nonInterestIncome": "None",
      "otherNonOperatingIncome": "-41000000",
      "depreciation": "None",
      "depreciationAndAmortization": "103000000",
      "incomeBeforeTax": "3000000",
      "incomeTaxExpense": "-4000000",
      "interestAndDebtExpense": "None",
      "netIncomeFromContinuingOperations": "7000000",
      "comprehensiveIncomeNetOfTax": "None",
      "ebit": "223000000",
      "ebitda": "326000000",
      "netIncome": "7000000"
    },
    {
      "fiscalDateEnding": "2012-12-31",
      "reportedCurrency": "USD",
      "grossProfit": "-4138000000",
      "totalRevenue": "8602000000",
      "costOfRevenue": "12740000000",
      "costofGoodsAndServicesSold": "12740000000",
      "operatingIncome": "473000000",
      "sellingGeneralAndAdministrative": "5375000000",
      "researchAndDevelopment": "76000000",
      "operatingExpenses": "-4611000000",
      "investmentIncomeNet": "None",
      "netInterestIncome": "None",
      "interestIncome": "None",
      "interestExpense": "382000000",
      "nonInterestIncome": "None",
      "otherNonOperatingIncome": "-152000000",
      "depreciation": "None",
      "depreciationAndAmortization": "94000000",
      "incomeBeforeTax": "11000000",
      "incomeTaxExpense": "5000000",
      "interestAndDebtExpense": "None",
      "netIncomeFromContinuingOperations": "6000000",
      "comprehensiveIncomeNetOfTax": "None",
      "ebit": "393000000",
      "ebitda": "487000000",
      "netIncome": "6000000"
    },
    {
      "fiscalDateEnding": "2012-09-30",
      "reportedCurrency": "USD",
      "grossProfit": "2720000000",
      "totalRevenue": "9923000000",
      "costOfRevenue": "7203000000",
      "costofGoodsAndServicesSold": "7203000000",
      "operatingIncome": "1308000000",
      "sellingGeneralAndAdministrative": "174000000",
      "researchAndDevelopment": "0",
      "operatingExpenses": "1412000000",
      "investmentIncomeNet": "None",
      "netInterestIncome": "None",
      "interestIncome": "None",
      "interestExpense": "243000000",
      "nonInterestIncome": "None",
      "otherNonOperatingIncome": "-61000000",
      "depreciation": "None",
      "depreciationAndAmortization": "392000000",
      "incomeBeforeTax": "1052000000",
      "incomeTaxExpense": "5000000",
      "interestAndDebtExpense": "None",
      "netIncomeFromContinuingOperations": "1047000000",
      "comprehensiveIncomeNetOfTax": "None",
      "ebit": "1295000000",
      "ebitda": "1687000000",
      "netIncome": "1047000000"
    },
    {
      "fiscalDateEnding": "2012-06-30",
      "reportedCurrency": "USD",
      "grossProfit": "1513000000",
      "totalRevenue": "9732000000",
      "costOfRevenue": "8219000000",
      "costofGoodsAndServicesSold": "8219000000",
      "operatingIncome": "134000000",
      "sellingGeneralAndAdministrative": "135000000",
      "researchAndDevelopment": "0",
      "operatingExpenses": "1379000000",
      "investmentIncomeNet": "None",
      "netInterestIncome": "None",
      "interestIncome": "None",
      "interestExpense": "256000000",
      "nonInterestIncome": "None",
      "otherNonOperatingIncome": "-91000000",
      "depreciation": "None",
      "depreciationAndAmortization": "388000000",
      "incomeBeforeTax": "-164000000",
      "incomeTaxExpense": "4000000",
      "interestAndDebtExpense": "None",
      "netIncomeFromContinuingOperations": "-168000000",
      "comprehensiveIncomeNetOfTax": "None",
      "ebit": "92000000",
      "ebitda": "480000000",
      "netIncome": "-168000000"
    },
    {
      "fiscalDateEnding": "2012-03-31",
      "reportedCurrency": "USD",
      "grossProfit": "1544000000",
      "totalRevenue": "8413000000",
      "costOfRevenue": "6869000000",
      "costofGoodsAndServicesSold": "6869000000",
      "operatingIncome": "382000000",
      "sellingGeneralAndAdministrative": "1763000000",
      "researchAndDevelopment": "0",
      "operatingExpenses": "1162000000",
      "investmentIncomeNet": "None",
      "netInterestIncome": "None",
      "interestIncome": "None",
      "interestExpense": "272000000",
      "nonInterestIncome": "None",
      "otherNonOperatingIncome": "-34000000",
      "depreciation": "None",
      "depreciationAndAmortization": "386000000",
      "incomeBeforeTax": "127000000",
      "incomeTaxExpense": "3000000",
      "interestAndDebtExpense": "None",
      "netIncomeFromContinuingOperations": "124000000",
      "comprehensiveIncomeNetOfTax": "None",
      "ebit": "399000000",
      "ebitda": "785000000",
      "netIncome": "124000000"
    },
    {
      "fiscalDateEnding": "2011-12-31",
      "reportedCurrency": "USD",
      "grossProfit": "3752000000",
      "totalRevenue": "8399000000",
      "costOfRevenue": "4647000000",
      "costofGoodsAndServicesSold": "4647000000",
      "operatingIncome": "814000000",
      "sellingGeneralAndAdministrative": "1800000000",
      "researchAndDevelopment": "0",
      "operatingExpenses": "2938000000",
      "investmentIncomeNet": "None",
      "netInterestIncome": "None",
      "interestIncome": "None",
      "interestExpense": "218000000",
      "nonInterestIncome": "None",
      "otherNonOperatingIncome": "-92000000",
      "depreciation": "None",
      "depreciationAndAmortization": "382000000",
      "incomeBeforeTax": "417000000",
      "incomeTaxExpense": "-8000000",
      "interestAndDebtExpense": "None",
      "netIncomeFromContinuingOperations": "425000000",
      "comprehensiveIncomeNetOfTax": "None",
      "ebit": "635000000",
      "ebitda": "1017000000",
      "netIncome": "425000000"
    },
    {
      "fiscalDateEnding": "2011-09-30",
      "reportedCurrency": "USD",
      "grossProfit": "4035000000",
      "totalRevenue": "9816000000",
      "costOfRevenue": "5781000000",
      "costofGoodsAndServicesSold": "5781000000",
      "operatingIncome": "863000000",
      "sellingGeneralAndAdministrative": "1884000000",
      "researchAndDevelopment": "0",
      "operatingExpenses": "3172000000",
      "investmentIncomeNet": "None",
      "netInterestIncome": "None",
      "interestIncome": "None",
      "interestExpense": "229000000",
      "nonInterestIncome": "None",
      "otherNonOperatingIncome": "-84000000",
      "depreciation": "None",
      "depreciationAndAmortization": "384000000",
      "incomeBeforeTax": "547000000",
      "incomeTaxExpense": "-2000000",
      "interestAndDebtExpense": "None",
      "netIncomeFromContinuingOperations": "549000000",
      "comprehensiveIncomeNetOfTax": "None",
      "ebit": "776000000",
      "ebitda": "1160000000",
      "netIncome": "549000000"
    },
    {
      "fiscalDateEnding": "2011-06-30",
      "reportedCurrency": "USD",
      "grossProfit": "3605000000",
      "totalRevenue": "9153000000",
      "costOfRevenue": "5548000000",
      "costofGoodsAndServicesSold": "5548000000",
      "operatingIncome": "625000000",
      "sellingGeneralAndAdministrative": "1747000000",
      "researchAndDevelopment": "0",
      "operatingExpenses": "2980000000",
      "investmentIncomeNet": "None",
      "netInterestIncome": "None",
      "interestIncome": "None",
      "interestExpense": "233000000",
      "nonInterestIncome": "None",
      "otherNonOperatingIncome": "-53000000",
      "depreciation": "None",
      "depreciationAndAmortization": "381000000",
      "incomeBeforeTax": "195000000",
      "incomeTaxExpense": "-3000000",
      "interestAndDebtExpense": "None",
      "netIncomeFromContinuingOperations": "198000000",
      "comprehensiveIncomeNetOfTax": "None",
      "ebit": "428000000",
      "ebitda": "809000000",
      "netIncome": "198000000"
    },
    {
      "fiscalDateEnding": "2011-03-31",
      "reportedCurrency": "USD",
      "grossProfit": "2816000000",
      "totalRevenue": "7747000000",
      "costOfRevenue": "4931000000",
      "costofGoodsAndServicesSold": "4931000000",
      "operatingIncome": "-85000000",
      "sellingGeneralAndAdministrative": "1727000000",
      "researchAndDevelopment": "0",
      "operatingExpenses": "2901000000",
      "investmentIncomeNet": "None",
      "netInterestIncome": "None",
      "interestIncome": "None",
      "interestExpense": "221000000",
      "nonInterestIncome": "None",
      "otherNonOperatingIncome": "-76000000",
      "depreciation": "None",
      "depreciationAndAmortization": "376000000",
      "incomeBeforeTax": "-389000000",
      "incomeTaxExpense": "-71000000",
      "interestAndDebtExpense": "None",
      "netIncomeFromContinuingOperations": "-318000000",
      "comprehensiveIncomeNetOfTax": "None",
      "ebit": "-168000000",
      "ebitda": "208000000",
      "netIncome": "-318000000"
    },
    {
      "fiscalDateEnding": "2010-12-31",
      "reportedCurrency": "USD",
      "grossProfit": "4867000000",
      "totalRevenue": "7789000000",
      "costOfRevenue": "2922000000",
      "costofGoodsAndServicesSold": "2922000000",
      "operatingIncome": "2048000000",
      "sellingGeneralAndAdministrative": "3295000000",
      "researchAndDevelopment": "0",
      "operatingExpenses": "2819000000",
      "investmentIncomeNet": "None",
      "netInterestIncome": "None",
      "interestIncome": "None",
      "interestExpense": "224000000",
      "nonInterestIncome": "None",
      "otherNonOperatingIncome": "None",
      "depreciation": "None",
      "depreciationAndAmortization": "372000000",
      "incomeBeforeTax": "20000000",
      "incomeTaxExpense": "1000000",
      "interestAndDebtExpense": "None",
      "netIncomeFromContinuingOperations": "0",
      "comprehensiveIncomeNetOfTax": "None",
      "ebit": "244000000",
      "ebitda": "616000000",
      "netIncome": "19000000"
    },
    {
      "fiscalDateEnding": "2010-09-30",
      "reportedCurrency": "USD",
      "grossProfit": "4275000000",
      "totalRevenue": "8950000000",
      "costOfRevenue": "4675000000",
      "costofGoodsAndServicesSold": "4675000000",
      "operatingIncome": "1209000000",
      "sellingGeneralAndAdministrative": "1854000000",
      "researchAndDevelopment": "0",
      "operatingExpenses": "3066000000",
      "investmentIncomeNet": "None",
      "netInterestIncome": "None",
      "interestIncome": "None",
      "interestExpense": "249000000",
      "nonInterestIncome": "None",
      "otherNonOperatingIncome": "-381000000",
      "depreciation": "None",
      "depreciationAndAmortization": "375000000",
      "incomeBeforeTax": "366000000",
      "incomeTaxExpense": "3000000",
      "interestAndDebtExpense": "None",
      "netIncomeFromContinuingOperations": "363000000",
      "comprehensiveIncomeNetOfTax": "None",
      "ebit": "615000000",
      "ebitda": "990000000",
      "netIncome": "363000000"
    },
    {
      "fiscalDateEnding": "2010-06-30",
      "reportedCurrency": "USD",
      "grossProfit": "3885000000",
      "totalRevenue": "8168000000",
      "costOfRevenue": "4283000000",
      "costofGoodsAndServicesSold": "4283000000",
      "operatingIncome": "934000000",
      "sellingGeneralAndAdministrative": "1792000000",
      "researchAndDevelopment": "0",
      "operatingExpenses": "2951000000",
      "investmentIncomeNet": "None",
      "netInterestIncome": "None",
      "interestIncome": "None",
      "interestExpense": "255000000",
      "nonInterestIncome": "None",
      "otherNonOperatingIncome": "-69000000",
      "depreciation": "None",
      "depreciationAndAmortization": "379000000",
      "incomeBeforeTax": "468000000",
      "incomeTaxExpense": "1000000",
      "interestAndDebtExpense": "None",
      "netIncomeFromContinuingOperations": "467000000",
      "comprehensiveIncomeNetOfTax": "None",
      "ebit": "723000000",
      "ebitda": "1102000000",
      "netIncome": "467000000"
    },
    {
      "fiscalDateEnding": "2010-03-31",
      "reportedCurrency": "USD",
      "grossProfit": "2919000000",
      "totalRevenue": "6848000000",
      "costOfRevenue": "3929000000",
      "costofGoodsAndServicesSold": "3929000000",
      "operatingIncome": "122000000",
      "sellingGeneralAndAdministrative": "1672000000",
      "researchAndDevelopment": "0",
      "operatingExpenses": "2797000000",
      "investmentIncomeNet": "None",
      "netInterestIncome": "None",
      "interestIncome": "None",
      "interestExpense": "246000000",
      "nonInterestIncome": "None",
      "otherNonOperatingIncome": "None",
      "depreciation": "None",
      "depreciationAndAmortization": "385000000",
      "incomeBeforeTax": "-246000000",
      "incomeTaxExpense": "10000000",
      "interestAndDebtExpense": "None",
      "netIncomeFromContinuingOperations": "0",
      "comprehensiveIncomeNetOfTax": "None",
      "ebit": "0",
      "ebitda": "385000000",
      "netIncome": "-256000000"
    },
    {
      "fiscalDateEnding": "2009-12-31",
      "reportedCurrency": "USD",
      "grossProfit": "3802000000",
      "totalRevenue": "6805000000",
      "costOfRevenue": "3003000000",
      "costofGoodsAndServicesSold": "3003000000",
      "operatingIncome": "945000000",
      "sellingGeneralAndAdministrative": "1186000000",
      "researchAndDevelopment": "0",
      "operatingExpenses": "2857000000",
      "investmentIncomeNet": "None",
      "netInterestIncome": "None",
      "interestIncome": "None",
      "interestExpense": "327000000",
      "nonInterestIncome": "None",
      "otherNonOperatingIncome": "None",
      "depreciation": "None",
      "depreciationAndAmortization": "384000000",
      "incomeBeforeTax": "-355000000",
      "incomeTaxExpense": "-330000000",
      "interestAndDebtExpense": "None",
      "netIncomeFromContinuingOperations": "0",
      "comprehensiveIncomeNetOfTax": "None",
      "ebit": "-28000000",
      "ebitda": "356000000",
      "netIncome": "-25000000"
    },
    {
      "fiscalDateEnding": "2009-09-30",
      "reportedCurrency": "USD",
      "grossProfit": "3224000000",
      "totalRevenue": "7574000000",
      "costOfRevenue": "4350000000",
      "costofGoodsAndServicesSold": "4350000000",
      "operatingIncome": "333000000",
      "sellingGeneralAndAdministrative": "1722000000",
      "researchAndDevelopment": "0",
      "operatingExpenses": "2891000000",
      "investmentIncomeNet": "None",
      "netInterestIncome": "None",
      "interestIncome": "None",
      "interestExpense": "217000000",
      "nonInterestIncome": "None",
      "otherNonOperatingIncome": "None",
      "depreciation": "None",
      "depreciationAndAmortization": "385000000",
      "incomeBeforeTax": "-179000000",
      "incomeTaxExpense": "-18000000",
      "interestAndDebtExpense": "None",
      "netIncomeFromContinuingOperations": "0",
      "comprehensiveIncomeNetOfTax": "None",
      "ebit": "38000000",
      "ebitda": "423000000",
      "netIncome": "-161000000"
    },
    {
      "fiscalDateEnding": "2009-06-30",
      "reportedCurrency": "USD",
      "grossProfit": "3236000000",
      "totalRevenue": "7000000000",
      "costOfRevenue": "3764000000",
      "costofGoodsAndServicesSold": "3764000000",
      "operatingIncome": "59000000",
      "sellingGeneralAndAdministrative": "2077000000",
      "researchAndDevelopment": "0",
      "operatingExpenses": "3177000000",
      "investmentIncomeNet": "None",
      "netInterestIncome": "None",
      "interestIncome": "None",
      "interestExpense": "324000000",
      "nonInterestIncome": "None",
      "otherNonOperatingIncome": "None",
      "depreciation": "None",
      "depreciationAndAmortization": "383000000",
      "incomeBeforeTax": "-253000000",
      "incomeTaxExpense": "4000000",
      "interestAndDebtExpense": "None",
      "netIncomeFromContinuingOperations": "0",
      "comprehensiveIncomeNetOfTax": "None",
      "ebit": "71000000",
      "ebitda": "454000000",
      "netIncome": "-257000000"
    },
    {
      "fiscalDateEnding": "2009-03-31",
      "reportedCurrency": "USD",
      "grossProfit": "3329000000",
      "totalRevenue": "6684000000",
      "costOfRevenue": "3355000000",
      "costofGoodsAndServicesSold": "3355000000",
      "operatingIncome": "490000000",
      "sellingGeneralAndAdministrative": "1706000000",
      "researchAndDevelopment": "0",
      "operatingExpenses": "2839000000",
      "investmentIncomeNet": "None",
      "netInterestIncome": "None",
      "interestIncome": "None",
      "interestExpense": "308000000",
      "nonInterestIncome": "None",
      "otherNonOperatingIncome": "None",
      "depreciation": "None",
      "depreciationAndAmortization": "384000000",
      "incomeBeforeTax": "-794000000",
      "incomeTaxExpense": "112000000",
      "interestAndDebtExpense": "None",
      "netIncomeFromContinuingOperations": "0",
      "comprehensiveIncomeNetOfTax": "None",
      "ebit": "-486000000",
      "ebitda": "-102000000",
      "netIncome": "-794000000"
    },
    {
      "fiscalDateEnding": "2008-12-31",
      "reportedCurrency": "USD",
      "grossProfit": "3094000000",
      "totalRevenue": "6713000000",
      "costOfRevenue": "3619000000",
      "costofGoodsAndServicesSold": "3619000000",
      "operatingIncome": "672000000",
      "sellingGeneralAndAdministrative": "1533000000",
      "researchAndDevelopment": "0",
      "operatingExpenses": "2422000000",
      "investmentIncomeNet": "None",
      "netInterestIncome": "None",
      "interestIncome": "None",
      "interestExpense": "277000000",
      "nonInterestIncome": "None",
      "otherNonOperatingIncome": "None",
      "depreciation": "None",
      "depreciationAndAmortization": "374000000",
      "incomeBeforeTax": "-1438000000",
      "incomeTaxExpense": "1070000000",
      "interestAndDebtExpense": "None",
      "netIncomeFromContinuingOperations": "0",
      "comprehensiveIncomeNetOfTax": "None",
      "ebit": "-1161000000",
      "ebitda": "-787000000",
      "netIncome": "-1438000000"
    },
    {
      "fiscalDateEnding": "2008-09-30",
      "reportedCurrency": "USD",
      "grossProfit": "2408000000",
      "totalRevenue": "5719000000",
      "costOfRevenue": "3311000000",
      "costofGoodsAndServicesSold": "3311000000",
      "operatingIncome": "653000000",
      "sellingGeneralAndAdministrative": "1086000000",
      "researchAndDevelopment": "0",
      "operatingExpenses": "1755000000",
      "investmentIncomeNet": "None",
      "netInterestIncome": "None",
      "interestIncome": "None",
      "interestExpense": "140000000",
      "nonInterestIncome": "None",
      "otherNonOperatingIncome": "None",
      "depreciation": "None",
      "depreciationAndAmortization": "293000000",
      "incomeBeforeTax": "-50000000",
      "incomeTaxExpense": "86000000",
      "interestAndDebtExpense": "None",
      "netIncomeFromContinuingOperations": "0",
      "comprehensiveIncomeNetOfTax": "None",
      "ebit": "90000000",
      "ebitda": "383000000",
      "netIncome": "-50000000"
    },
    {
      "fiscalDateEnding": "2008-06-30",
      "reportedCurrency": "USD",
      "grossProfit": "2437000000",
      "totalRevenue": "5499000000",
      "costOfRevenue": "3062000000",
      "costofGoodsAndServicesSold": "3062000000",
      "operatingIncome": "693000000",
      "sellingGeneralAndAdministrative": "1092000000",
      "researchAndDevelopment": "0",
      "operatingExpenses": "1744000000",
      "investmentIncomeNet": "None",
      "netInterestIncome": "None",
      "interestIncome": "None",
      "interestExpense": "141000000",
      "nonInterestIncome": "None",
      "otherNonOperatingIncome": "None",
      "depreciation": "None",
      "depreciationAndAmortization": "302000000",
      "incomeBeforeTax": "-1163000000",
      "incomeTaxExpense": "-119000000",
      "interestAndDebtExpense": "None",
      "netIncomeFromContinuingOperations": "0",
      "comprehensiveIncomeNetOfTax": "None",
      "ebit": "-1022000000",
      "ebitda": "-720000000",
      "netIncome": "-1044000000"
    },
    {
      "fiscalDateEnding": "2008-03-31",
      "reportedCurrency": "USD",
      "grossProfit": "2041000000",
      "totalRevenue": "4766000000",
      "costOfRevenue": "2725000000",
      "costofGoodsAndServicesSold": "2725000000",
      "operatingIncome": "317000000",
      "sellingGeneralAndAdministrative": "1091000000",
      "researchAndDevelopment": "0",
      "operatingExpenses": "1724000000",
      "investmentIncomeNet": "None",
      "netInterestIncome": "None",
      "interestIncome": "None",
      "interestExpense": "147000000",
      "nonInterestIncome": "None",
      "otherNonOperatingIncome": "None",
      "depreciation": "None",
      "depreciationAndAmortization": "297000000",
      "incomeBeforeTax": "-6390000000",
      "incomeTaxExpense": "6125000000",
      "interestAndDebtExpense": "None",
      "netIncomeFromContinuingOperations": "0",
      "comprehensiveIncomeNetOfTax": "None",
      "ebit": "-6243000000",
      "ebitda": "-5946000000",
      "netIncome": "-6390000000"
    },
    {
      "fiscalDateEnding": "2007-12-31",
      "reportedCurrency": "USD",
      "grossProfit": "-4104000000",
      "totalRevenue": "4783000000",
      "costOfRevenue": "8887000000",
      "costofGoodsAndServicesSold": "8887000000",
      "operatingIncome": "98000000",
      "sellingGeneralAndAdministrative": "2037000000",
      "researchAndDevelopment": "0",
      "operatingExpenses": "4685000000",
      "investmentIncomeNet": "None",
      "netInterestIncome": "None",
      "interestIncome": "None",
      "interestExpense": "207000000",
      "nonInterestIncome": "None",
      "otherNonOperatingIncome": "None",
      "depreciation": "None",
      "depreciationAndAmortization": "288000000",
      "incomeBeforeTax": "-105000000",
      "incomeTaxExpense": "-35000000",
      "interestAndDebtExpense": "None",
      "netIncomeFromContinuingOperations": "0",
      "comprehensiveIncomeNetOfTax": "None",
      "ebit": "98000000",
      "ebitda": "386000000",
      "netIncome": "-70000000"
    },
    {
      "fiscalDateEnding": "2007-09-30",
      "reportedCurrency": "USD",
      "grossProfit": "2769000000",
      "totalRevenue": "5227000000",
      "costOfRevenue": "2458000000",
      "costofGoodsAndServicesSold": "2458000000",
      "operatingIncome": "929000000",
      "sellingGeneralAndAdministrative": "1109000000",
      "researchAndDevelopment": "0",
      "operatingExpenses": "1840000000",
      "investmentIncomeNet": "None",
      "netInterestIncome": "None",
      "interestIncome": "None",
      "interestExpense": "132000000",
      "nonInterestIncome": "None",
      "otherNonOperatingIncome": "None",
      "depreciation": "None",
      "depreciationAndAmortization": "297000000",
      "incomeBeforeTax": "363000000",
      "incomeTaxExpense": "143000000",
      "interestAndDebtExpense": "None",
      "netIncomeFromContinuingOperations": "0",
      "comprehensiveIncomeNetOfTax": "None",
      "ebit": "495000000",
      "ebitda": "792000000",
      "netIncome": "220000000"
    },
    {
      "fiscalDateEnding": "2007-06-30",
      "reportedCurrency": "USD",
      "grossProfit": "2785000000",
      "totalRevenue": "5003000000",
      "costOfRevenue": "2218000000",
      "costofGoodsAndServicesSold": "2218000000",
      "operatingIncome": "966000000",
      "sellingGeneralAndAdministrative": "1039000000",
      "researchAndDevelopment": "0",
      "operatingExpenses": "1819000000",
      "investmentIncomeNet": "None",
      "netInterestIncome": "None",
      "interestIncome": "None",
      "interestExpense": "182000000",
      "nonInterestIncome": "None",
      "otherNonOperatingIncome": "None",
      "depreciation": "None",
      "depreciationAndAmortization": "288000000",
      "incomeBeforeTax": "1691000000",
      "incomeTaxExpense": "99000000",
      "interestAndDebtExpense": "None",
      "netIncomeFromContinuingOperations": "0",
      "comprehensiveIncomeNetOfTax": "None",
      "ebit": "1873000000",
      "ebitda": "2161000000",
      "netIncome": "1592000000"
    },
    {
      "fiscalDateEnding": "2007-03-31",
      "reportedCurrency": "USD",
      "grossProfit": "3315000000",
      "totalRevenue": "4241000000",
      "costOfRevenue": "926000000",
      "costofGoodsAndServicesSold": "926000000",
      "operatingIncome": "675000000",
      "sellingGeneralAndAdministrative": "971000000",
      "researchAndDevelopment": "0",
      "operatingExpenses": "2640000000",
      "investmentIncomeNet": "None",
      "netInterestIncome": "None",
      "interestIncome": "None",
      "interestExpense": "200000000",
      "nonInterestIncome": "None",
      "otherNonOperatingIncome": "None",
      "depreciation": "None",
      "depreciationAndAmortization": "291000000",
      "incomeBeforeTax": "-130000000",
      "incomeTaxExpense": "256000000",
      "interestAndDebtExpense": "None",
      "netIncomeFromContinuingOperations": "0",
      "comprehensiveIncomeNetOfTax": "None",
      "ebit": "70000000",
      "ebitda": "361000000",
      "netIncome": "-130000000"
    },
    {
      "fiscalDateEnding": "2006-12-31",
      "reportedCurrency": "USD",
      "grossProfit": "4138000000",
      "totalRevenue": "4138000000",
      "costOfRevenue": "3551000000",
      "costofGoodsAndServicesSold": "3551000000",
      "operatingIncome": "6000000",
      "sellingGeneralAndAdministrative": "477000000",
      "researchAndDevelopment": "0",
      "operatingExpenses": "4132000000",
      "investmentIncomeNet": "None",
      "netInterestIncome": "None",
      "interestIncome": "None",
      "interestExpense": "2719000000",
      "nonInterestIncome": "None",
      "otherNonOperatingIncome": "None",
      "depreciation": "None",
      "depreciationAndAmortization": "364000000",
      "incomeBeforeTax": "-2706000000",
      "incomeTaxExpense": "-725000000",
      "interestAndDebtExpense": "None",
      "netIncomeFromContinuingOperations": "0",
      "comprehensiveIncomeNetOfTax": "None",
      "ebit": "6000000",
      "ebitda": "370000000",
      "netIncome": "-1981000000"
    },
    {
      "fiscalDateEnding": "2006-09-30",
      "reportedCurrency": "USD",
      "grossProfit": "1591000000",
      "totalRevenue": "4751000000",
      "costOfRevenue": "3068000000",
      "costofGoodsAndServicesSold": "3068000000",
      "operatingIncome": "168000000",
      "sellingGeneralAndAdministrative": "237000000",
      "researchAndDevelopment": "0",
      "operatingExpenses": "4583000000",
      "investmentIncomeNet": "None",
      "netInterestIncome": "None",
      "interestIncome": "None",
      "interestExpense": "170000000",
      "nonInterestIncome": "None",
      "otherNonOperatingIncome": "None",
      "depreciation": "None",
      "depreciationAndAmortization": "293000000",
      "incomeBeforeTax": "29000000",
      "incomeTaxExpense": "-23000000",
      "interestAndDebtExpense": "None",
      "netIncomeFromContinuingOperations": "0",
      "comprehensiveIncomeNetOfTax": "None",
      "ebit": "168000000",
      "ebitda": "461000000",
      "netIncome": "52000000"
    },
    {
      "fiscalDateEnding": "2006-06-30",
      "reportedCurrency": "USD",
      "grossProfit": "1741000000",
      "totalRevenue": "4741000000",
      "costOfRevenue": "2914000000",
      "costofGoodsAndServicesSold": "2914000000",
      "operatingIncome": "369000000",
      "sellingGeneralAndAdministrative": "214000000",
      "researchAndDevelopment": "0",
      "operatingExpenses": "4372000000",
      "investmentIncomeNet": "None",
      "netInterestIncome": "None",
      "interestIncome": "None",
      "interestExpense": "2551000000",
      "nonInterestIncome": "None",
      "otherNonOperatingIncome": "None",
      "depreciation": "None",
      "depreciationAndAmortization": "318000000",
      "incomeBeforeTax": "-2201000000",
      "incomeTaxExpense": "4000000",
      "interestAndDebtExpense": "None",
      "netIncomeFromContinuingOperations": "0",
      "comprehensiveIncomeNetOfTax": "None",
      "ebit": "369000000",
      "ebitda": "687000000",
      "netIncome": "-2205000000"
    },
    {
      "fiscalDateEnding": "2006-03-31",
      "reportedCurrency": "USD",
      "grossProfit": "709000000",
      "totalRevenue": "3719000000",
      "costOfRevenue": "3010000000",
      "costofGoodsAndServicesSold": "3010000000",
      "operatingIncome": "-485000000",
      "sellingGeneralAndAdministrative": "341000000",
      "researchAndDevelopment": "0",
      "operatingExpenses": "4204000000",
      "investmentIncomeNet": "None",
      "netInterestIncome": "None",
      "interestIncome": "None",
      "interestExpense": "1605000000",
      "nonInterestIncome": "None",
      "otherNonOperatingIncome": "None",
      "depreciation": "None",
      "depreciationAndAmortization": "301000000",
      "incomeBeforeTax": "-2090000000",
      "incomeTaxExpense": "-21000000",
      "interestAndDebtExpense": "None",
      "netIncomeFromContinuingOperations": "0",
      "comprehensiveIncomeNetOfTax": "None",
      "ebit": "-485000000",
      "ebitda": "-184000000",
      "netIncome": "-2069000000"
    },
    {
      "fiscalDateEnding": "2005-12-31",
      "reportedCurrency": "USD",
      "grossProfit": "4143000000",
      "totalRevenue": "4143000000",
      "costOfRevenue": "3678000000",
      "costofGoodsAndServicesSold": "3678000000",
      "operatingIncome": "-675000000",
      "sellingGeneralAndAdministrative": "484000000",
      "researchAndDevelopment": "0",
      "operatingExpenses": "4818000000",
      "investmentIncomeNet": "None",
      "netInterestIncome": "None",
      "interestIncome": "None",
      "interestExpense": "462000000",
      "nonInterestIncome": "None",
      "otherNonOperatingIncome": "None",
      "depreciation": "None",
      "depreciationAndAmortization": "317000000",
      "incomeBeforeTax": "-1137000000",
      "incomeTaxExpense": "98000000",
      "interestAndDebtExpense": "None",
      "netIncomeFromContinuingOperations": "0",
      "comprehensiveIncomeNetOfTax": "None",
      "ebit": "-675000000",
      "ebitda": "-358000000",
      "netIncome": "-1235000000"
    },
    {
      "fiscalDateEnding": "2005-09-30",
      "reportedCurrency": "USD",
      "grossProfit": "841000000",
      "totalRevenue": "4308000000",
      "costOfRevenue": "3375000000",
      "costofGoodsAndServicesSold": "3375000000",
      "operatingIncome": "-240000000",
      "sellingGeneralAndAdministrative": "339000000",
      "researchAndDevelopment": "0",
      "operatingExpenses": "4548000000",
      "investmentIncomeNet": "None",
      "netInterestIncome": "None",
      "interestIncome": "None",
      "interestExpense": "867000000",
      "nonInterestIncome": "None",
      "otherNonOperatingIncome": "None",
      "depreciation": "None",
      "depreciationAndAmortization": "317000000",
      "incomeBeforeTax": "-1107000000",
      "incomeTaxExpense": "23000000",
      "interestAndDebtExpense": "None",
      "netIncomeFromContinuingOperations": "0",
      "comprehensiveIncomeNetOfTax": "None",
      "ebit": "-240000000",
      "ebitda": "77000000",
      "netIncome": "-1130000000"
    },
    {
      "fiscalDateEnding": "2005-06-30",
      "reportedCurrency": "USD",
      "grossProfit": "884000000",
      "totalRevenue": "4249000000",
      "costOfRevenue": "3301000000",
      "costofGoodsAndServicesSold": "3301000000",
      "operatingIncome": "-129000000",
      "sellingGeneralAndAdministrative": "1609000000",
      "researchAndDevelopment": "0",
      "operatingExpenses": "4378000000",
      "investmentIncomeNet": "None",
      "netInterestIncome": "None",
      "interestIncome": "None",
      "interestExpense": "268000000",
      "nonInterestIncome": "None",
      "otherNonOperatingIncome": "None",
      "depreciation": "None",
      "depreciationAndAmortization": "326000000",
      "incomeBeforeTax": "-400000000",
      "incomeTaxExpense": "-18000000",
      "interestAndDebtExpense": "None",
      "netIncomeFromContinuingOperations": "0",
      "comprehensiveIncomeNetOfTax": "None",
      "ebit": "-129000000",
      "ebitda": "197000000",
      "netIncome": "-382000000"
    },
    {
      "fiscalDateEnding": "2005-03-31",
      "reportedCurrency": "USD",
      "grossProfit": "461000000",
      "totalRevenue": "3706000000",
      "costOfRevenue": "3186000000",
      "costofGoodsAndServicesSold": "3186000000",
      "operatingIncome": "-957000000",
      "sellingGeneralAndAdministrative": "1706000000",
      "researchAndDevelopment": "0",
      "operatingExpenses": "4663000000",
      "investmentIncomeNet": "None",
      "netInterestIncome": "None",
      "interestIncome": "None",
      "interestExpense": "262000000",
      "nonInterestIncome": "None",
      "otherNonOperatingIncome": "None",
      "depreciation": "None",
      "depreciationAndAmortization": "313000000",
      "incomeBeforeTax": "-1215000000",
      "incomeTaxExpense": "-144000000",
      "interestAndDebtExpense": "None",
      "netIncomeFromContinuingOperations": "0",
      "comprehensiveIncomeNetOfTax": "None",
      "ebit": "-957000000",
      "ebitda": "-644000000",
      "netIncome": "-1071000000"
    }
  ]
}