{
  "symbol": "F",
  "annualReports": [
    {
      "fiscalDateEnding": "2024-12-31",
      "reportedCurrency": "USD",
      "grossProfit": "26558000000",
      "totalRevenue": "184992000000",
      "costOfRevenue": "158434000000",
      "costofGoodsAndServicesSold": "158434000000",
      "operatingIncome": "5219000000",
      "sellingGeneralAndAdministrative": "10287000000",
      "researchAndDevelopment": "None",
      "operatingExpenses": "21339000000",
      "investmentIncomeNet": "None",
      "netInterestIncome": "404000000",
      "interestIncome": "1540000000",
      "interestExpense": "1136000000",
      "nonInterestIncome": "None",
      "otherNonOperatingIncome": "None",
      "depreciation": "None",
      "depreciationAndAmortization": "5867000000",
      "incomeBeforeTax": "7233000000",
      "incomeTaxExpense": "1339000000",
      "interestAndDebtExpense": "None",
      "netIncomeFromContinuingOperations": "5894000000",
      "comprehensiveIncomeNetOfTax": "None",
      "ebit": "8348000000",
      "ebitda": "14215000000",
      "netIncome": "5879000000"
    },
    {
      "fiscalDateEnding": "2023-12-31",
      "reportedCurrency": "USD",
      "grossProfit": "25641000000",
      "totalRevenue": "176191000000",
      "costOfRevenue": "150550000000",
      "costofGoodsAndServicesSold": "150550000000",
      "operatingIncome": "5458000000",
      "sellingGeneralAndAdministrative": "10469000000",
      "researchAndDevelopment": "8200000000",
      "operatingExpenses": "20183000000",
      "investmentIncomeNet": "None",
      "netInterestIncome": "145000000",
      "interestIncome": "1434000000",
      "interestExpense": "9481000000",
      "nonInterestIncome": "None",
      "otherNonOperatingIncome": "None",
      "depreciation": "None",
      "depreciationAndAmortization": "6523000000",
      "incomeBeforeTax": "3967000000",
      "incomeTaxExpense": "-362000000",
      "interestAndDebtExpense": "None",
      "netIncomeFromContinuingOperations": "6111000000",
      "comprehensiveIncomeNetOfTax": "None",
      "ebit": "5458000000",
      "ebitda": "5458000000",
      "netIncome": "4347000000"
    },
    {
      "fiscalDateEnding": "2022-12-31",
      "reportedCurrency": "USD",
      "grossProfit": "23660000000",
      "totalRevenue": "158057000000",
      "costOfRevenue": "134397000000",
      "costofGoodsAndServicesSold": "134397000000",
      "operatingIncome": "12401000000",
      "sellingGeneralAndAdministrative": "8688000000",
      "researchAndDevelopment": "7800000000",
      "operatingExpenses": "10888000000",
      "investmentIncomeNet": "None",
      "netInterestIncome": "-7139000000",
      "interestIncome": "4142000000",
      "interestExpense": "1282000000",
      "nonInterestIncome": "None",
      "otherNonOperatingIncome": "-8033000000",
      "depreciation": "None",
      "depreciationAndAmortization": "6493000000",
      "incomeBeforeTax": "-3016000000",
      "incomeTaxExpense": "-864000000",
      "interestAndDebtExpense": "None",
      "netIncomeFromContinuingOperations": "-2152000000",
      "comprehensiveIncomeNetOfTax": "None",
      "ebit": "-1757000000",
      "ebitda": "4736000000",
      "netIncome": "-2152000000"
    },
    {
      "fiscalDateEnding": "2021-12-31",
      "reportedCurrency": "USD",
      "grossProfit": "21690000000",
      "totalRevenue": "136341000000",
      "costOfRevenue": "114651000000",
      "costofGoodsAndServicesSold": "114651000000",
      "operatingIncome": "17378000000",
      "sellingGeneralAndAdministrative": "8815000000",
      "researchAndDevelopment": "7600000000",
      "operatingExpenses": "11915000000",
      "investmentIncomeNet": "None",
      "netInterestIncome": "-6794000000",
      "interestIncome": "261000000",
      "interestExpense": "1803000000",
      "nonInterestIncome": "None",
      "otherNonOperatingIncome": "15060000000",
      "depreciation": "None",
      "depreciationAndAmortization": "5960000000",
      "incomeBeforeTax": "17780000000",
      "incomeTaxExpense": "-130000000",
      "interestAndDebtExpense": "None",
      "netIncomeFromContinuingOperations": "17910000000",
      "comprehensiveIncomeNetOfTax": "None",
      "ebit": "19583000000",
      "ebitda": "25543000000",
      "netIncome": "17937000000"
    },
    {
      "fiscalDateEnding": "2020-12-31",
      "reportedCurrency": "USD",
      "grossProfit": "14392000000",
      "totalRevenue": "127144000000",
      "costOfRevenue": "112752000000",
      "costofGoodsAndServicesSold": "112752000000",
      "operatingIncome": "8818000000",
      "sellingGeneralAndAdministrative": "7393000000",
      "researchAndDevelopment": "7100000000",
      "operatingExpenses": "10193000000",
      "investmentIncomeNet": "None",
      "netInterestIncome": "-1199000000",
      "interestIncome": "450000000",
      "interestExpense": "1651000000",
      "nonInterestIncome": "None",
      "otherNonOperatingIncome": "4941000000",
      "depreciation": "None",
      "depreciationAndAmortization": "7457000000",
      "incomeBeforeTax": "-1116000000",
      "incomeTaxExpense": "160000000",
      "interestAndDebtExpense": "None",
      "netIncomeFromContinuingOperations": "-1276000000",
      "comprehensiveIncomeNetOfTax": "None",
      "ebit": "533000000",
      "ebitda": "7990000000",
      "netIncome": "-1276000000"
    },
    {
      "fiscalDateEnding": "2019-12-31",
      "reportedCurrency": "USD",
      "grossProfit": "21207000000",
      "totalRevenue": "155900000000",
      "costOfRevenue": "134693000000",
      "costofGoodsAndServicesSold": "134693000000",
      "operatingIncome": "9792000000",
      "sellingGeneralAndAdministrative": "7561000000",
      "researchAndDevelopment": "7400000000",
      "operatingExpenses": "11161000000",
      "investmentIncomeNet": "None",
      "netInterestIncome": "-240000000",
      "interestIncome": "809000000",
      "interestExpense": "1049000000",
      "nonInterestIncome": "None",
      "otherNonOperatingIncome": "32000000",
      "depreciation": "None",
      "depreciationAndAmortization": "8490000000",
      "incomeBeforeTax": "-640000000",
      "incomeTaxExpense": "-724000000",
      "interestAndDebtExpense": "None",
      "netIncomeFromContinuingOperations": "84000000",
      "comprehensiveIncomeNetOfTax": "None",
      "ebit": "380000000",
      "ebitda": "8870000000",
      "netIncome": "84000000"
    },
    {
      "fiscalDateEnding": "2018-12-31",
      "reportedCurrency": "USD",
      "grossProfit": "24069000000",
      "totalRevenue": "160338000000",
      "costOfRevenue": "136269000000",
      "costofGoodsAndServicesSold": "136269000000",
      "operatingIncome": "2675000000",
      "sellingGeneralAndAdministrative": "7403000000",
      "researchAndDevelopment": "8200000000",
      "operatingExpenses": "11403000000",
      "investmentIncomeNet": "None",
      "netInterestIncome": "-528000000",
      "interestIncome": "700000000",
      "interestExpense": "1228000000",
      "nonInterestIncome": "None",
      "otherNonOperatingIncome": "123000000",
      "depreciation": "None",
      "depreciationAndAmortization": "8308000000",
      "incomeBeforeTax": "4345000000",
      "incomeTaxExpense": "650000000",
      "interestAndDebtExpense": "None",
      "netIncomeFromContinuingOperations": "3695000000",
      "comprehensiveIncomeNetOfTax": "None",
      "ebit": "5583000000",
      "ebitda": "13891000000",
      "netIncome": "3677000000"
    },
    {
      "fiscalDateEnding": "2017-12-31",
      "reportedCurrency": "USD",
      "grossProfit": "25444000000",
      "totalRevenue": "156776000000",
      "costOfRevenue": "131332000000",
      "costofGoodsAndServicesSold": "131332000000",
      "operatingIncome": "4141000000",
      "sellingGeneralAndAdministrative": "11527000000",
      "researchAndDevelopment": "8000000000",
      "operatingExpenses": "11527000000",
      "investmentIncomeNet": "None",
      "netInterestIncome": "-672000000",
      "interestIncome": "461000000",
      "interestExpense": "1190000000",
      "nonInterestIncome": "None",
      "otherNonOperatingIncome": "1201000000",
      "depreciation": "None",
      "depreciationAndAmortization": "8453000000",
      "incomeBeforeTax": "8148000000",
      "incomeTaxExpense": "520000000",
      "interestAndDebtExpense": "None",
      "netIncomeFromContinuingOperations": "7628000000",
      "comprehensiveIncomeNetOfTax": "None",
      "ebit": "9566000000",
      "ebitda": "18019000000",
      "netIncome": "7602000000"
    },
    {
      "fiscalDateEnding": "2016-12-31",
      "reportedCurrency": "USD",
      "grossProfit": "25216000000",
      "totalRevenue": "151800000000",
      "costOfRevenue": "126584000000",
      "costofGoodsAndServicesSold": "126584000000",
      "operatingIncome": "3516000000",
      "sellingGeneralAndAdministrative": "7896000000",
      "researchAndDevelopment": "7300000000",
      "operatingExpenses": "12196000000",
      "investmentIncomeNet": "None",
      "netInterestIncome": "-600000000",
      "interestIncome": "294000000",
      "interestExpense": "951000000",
      "nonInterestIncome": "None",
      "otherNonOperatingIncome": "1780000000",
      "depreciation": "None",
      "depreciationAndAmortization": "8717000000",
      "incomeBeforeTax": "6796000000",
      "incomeTaxExpense": "2189000000",
      "interestAndDebtExpense": "None",
      "netIncomeFromContinuingOperations": "4607000000",
      "comprehensiveIncomeNetOfTax": "None",
      "ebit": "8057000000",
      "ebitda": "16774000000",
      "netIncome": "4596000000"
    },
    {
      "fiscalDateEnding": "2015-12-31",
      "reportedCurrency": "USD",
      "grossProfit": "23063000000",
      "totalRevenue": "149558000000",
      "costOfRevenue": "126495000000",
      "costofGoodsAndServicesSold": "126495000000",
      "operatingIncome": "7647000000",
      "sellingGeneralAndAdministrative": "10699000000",
      "researchAndDevelopment": "6700000000",
      "operatingExpenses": "15416000000",
      "investmentIncomeNet": "None",
      "netInterestIncome": "None",
      "interestIncome": "1445000000",
      "interestExpense": "773000000",
      "nonInterestIncome": "None",
      "otherNonOperatingIncome": "1818000000",
      "depreciation": "None",
      "depreciationAndAmortization": "7966000000",
      "incomeBeforeTax": "10252000000",
      "incomeTaxExpense": "2881000000",
      "interestAndDebtExpense": "None",
      "netIncomeFromContinuingOperations": "7371000000",
      "comprehensiveIncomeNetOfTax": "None",
      "ebit": "11395000000",
      "ebitda": "19361000000",
      "netIncome": "7373000000"
    },
    {
      "fiscalDateEnding": "2014-12-31",
      "reportedCurrency": "USD",
      "grossProfit": "17862000000",
      "totalRevenue": "144077000000",
      "costOfRevenue": "126215000000",
      "costofGoodsAndServicesSold": "126215000000",
      "operatingIncome": "3440000000",
      "sellingGeneralAndAdministrative": "9817000000",
      "researchAndDevelopment": "6700000000",
      "operatingExpenses": "14422000000",
      "investmentIncomeNet": "None",
      "netInterestIncome": "None",
      "interestIncome": "None",
      "interestExpense": "810000000",
      "nonInterestIncome": "None",
      "otherNonOperatingIncome": "1275000000",
      "depreciation": "None",
      "depreciationAndAmortization": "7423000000",
      "incomeBeforeTax": "4342000000",
      "incomeTaxExpense": "1156000000",
      "interestAndDebtExpense": "None",
      "netIncomeFromContinuingOperations": "3186000000",
      "comprehensiveIncomeNetOfTax": "None",
      "ebit": "2335000000",
      "ebitda": "9758000000",
      "netIncome": "3187000000"
    },
    {
      "fiscalDateEnding": "2013-12-31",
      "reportedCurrency": "USD",
      "grossProfit": "18823000000",
      "totalRevenue": "146917000000",
      "costOfRevenue": "128094000000",
      "costofGoodsAndServicesSold": "128094000000",
      "operatingIncome": "5439000000",
      "sellingGeneralAndAdministrative": "8776000000",
      "researchAndDevelopment": "6200000000",
      "operatingExpenses": "13384000000",
      "investmentIncomeNet": "None",
      "netInterestIncome": "None",
      "interestIncome": "None",
      "interestExpense": "829000000",
      "nonInterestIncome": "None",
      "otherNonOperatingIncome": "1069000000",
      "depreciation": "None",
      "depreciationAndAmortization": "6456000000",
      "incomeBeforeTax": "7001000000",
      "incomeTaxExpense": "-147000000",
      "interestAndDebtExpense": "None",
      "netIncomeFromContinuingOperations": "7148000000",
      "comprehensiveIncomeNetOfTax": "None",
      "ebit": "7540000000",
      "ebitda": "13996000000",
      "netIncome": "7155000000"
    },
    {
      "fiscalDateEnding": "2012-12-31",
      "reportedCurrency": "USD",
      "grossProfit": "18559000000",
      "totalRevenue": "134252000000",
      "costOfRevenue": "115693000000",
      "costofGoodsAndServicesSold": "115693000000",
      "operatingIncome": "6291000000",
      "sellingGeneralAndAdministrative": "12182000000",
      "researchAndDevelopment": "5500000000",
      "operatingExpenses": "12268000000",
      "investmentIncomeNet": "None",
      "netInterestIncome": "None",
      "interestIncome": "None",
      "interestExpense": "713000000",
      "nonInterestIncome": "None",
      "otherNonOperatingIncome": "588000000",
      "depreciation": "None",
      "depreciationAndAmortization": "5204000000",
      "incomeBeforeTax": "7720000000",
      "incomeTaxExpense": "2056000000",
      "interestAndDebtExpense": "None",
      "netIncomeFromContinuingOperations": "5664000000",
      "comprehensiveIncomeNetOfTax": "None",
      "ebit": "7655000000",
      "ebitda": "12859000000",
      "netIncome": "5665000000"
    },
    {
      "fiscalDateEnding": "2011-12-31",
      "reportedCurrency": "USD",
      "grossProfit": "22919000000",
      "totalRevenue": "136264000000",
      "costOfRevenue": "113345000000",
      "costofGoodsAndServicesSold": "113345000000",
      "operatingIncome": "11341000000",
      "sellingGeneralAndAdministrative": "11578000000",
      "researchAndDevelopment": "5300000000",
      "operatingExpenses": "11578000000",
      "investmentIncomeNet": "None",
      "netInterestIncome": "None",
      "interestIncome": "None",
      "interestExpense": "4431000000",
      "nonInterestIncome": "None",
      "otherNonOperatingIncome": "500000000",
      "depreciation": "None",
      "depreciationAndAmortization": "4256000000",
      "incomeBeforeTax": "8681000000",
      "incomeTaxExpense": "-11541000000",
      "interestAndDebtExpense": "None",
      "netIncomeFromContinuingOperations": "20222000000",
      "comprehensiveIncomeNetOfTax": "None",
      "ebit": "9498000000",
      "ebitda": "13754000000",
      "netIncome": "20213000000"
    },
    {
      "fiscalDateEnding": "2010-12-31",
      "reportedCurrency": "USD",
      "grossProfit": "24503000000",
      "totalRevenue": "128954000000",
      "costOfRevenue": "104451000000",
      "costofGoodsAndServicesSold": "104451000000",
      "operatingIncome": "12594000000",
      "sellingGeneralAndAdministrative": "11909000000",
      "researchAndDevelopment": "5000000000",
      "operatingExpenses": "11909000000",
      "investmentIncomeNet": "None",
      "netInterestIncome": "None",
      "interestIncome": "None",
      "interestExpense": "6152000000",
      "nonInterestIncome": "None",
      "otherNonOperatingIncome": "538000000",
      "depreciation": "None",
      "depreciationAndAmortization": "5584000000",
      "incomeBeforeTax": "7149000000",
      "incomeTaxExpense": "592000000",
      "interestAndDebtExpense": "None",
      "netIncomeFromContinuingOperations": "6557000000",
      "comprehensiveIncomeNetOfTax": "None",
      "ebit": "9369000000",
      "ebitda": "14953000000",
      "netIncome": "6561000000"
    },
    {
      "fiscalDateEnding": "2009-12-31",
      "reportedCurrency": "USD",
      "grossProfit": "18292000000",
      "totalRevenue": "118308000000",
      "costOfRevenue": "100016000000",
      "costofGoodsAndServicesSold": "100016000000",
      "operatingIncome": "5034000000",
      "sellingGeneralAndAdministrative": "13258000000",
      "researchAndDevelopment": "4900000000",
      "operatingExpenses": "13258000000",
      "investmentIncomeNet": "None",
      "netInterestIncome": "None",
      "interestIncome": "None",
      "interestExpense": "6828000000",
      "nonInterestIncome": "None",
      "otherNonOperatingIncome": "10000000",
      "depreciation": "None",
      "depreciationAndAmortization": "6931000000",
      "incomeBeforeTax": "3026000000",
      "incomeTaxExpense": "69000000",
      "interestAndDebtExpense": "None",
      "netIncomeFromContinuingOperations": "2957000000",
      "comprehensiveIncomeNetOfTax": "None",
      "ebit": "9038000000",
      "ebitda": "15969000000",
      "netIncome": "2717000000"
    },
    {
      "fiscalDateEnding": "2008-12-31",
      "reportedCurrency": "USD",
      "grossProfit": "19174000000",
      "totalRevenue": "146277000000",
      "costOfRevenue": "127103000000",
      "costofGoodsAndServicesSold": "127103000000",
      "operatingIncome": "-2256000000",
      "sellingGeneralAndAdministrative": "21430000000",
      "researchAndDevelopment": "7300000000",
      "operatingExpenses": "21430000000",
      "investmentIncomeNet": "None",
      "netInterestIncome": "None",
      "interestIncome": "None",
      "interestExpense": "10437000000",
      "nonInterestIncome": "None",
      "otherNonOperatingIncome": "None",
      "depreciation": "None",
      "depreciationAndAmortization": "12925000000",
      "incomeBeforeTax": "-14404000000",
      "incomeTaxExpense": "63000000",
      "interestAndDebtExpense": "None",
      "netIncomeFromContinuingOperations": "None",
      "comprehensiveIncomeNetOfTax": "None",
      "ebit": "-2093000000",
      "ebitda": "10832000000",
      "netIncome": "-14672000000"
    },
    {
      "fiscalDateEnding": "2007-12-31",
      "reportedCurrency": "USD",
      "grossProfit": "29868000000",
      "totalRevenue": "172455000000",
      "costOfRevenue": "142587000000",
      "costofGoodsAndServicesSold": "142587000000",
      "operatingIncome": "8699000000",
      "sellingGeneralAndAdministrative": "21169000000",
      "researchAndDevelopment": "7500000000",
      "operatingExpenses": "21169000000",
      "investmentIncomeNet": "None",
      "netInterestIncome": "None",
      "interestIncome": "None",
      "interestExpense": "10927000000",
      "nonInterestIncome": "None",
      "otherNonOperatingIncome": "None",
      "depreciation": "None",
      "depreciationAndAmortization": "1550000000",
      "incomeBeforeTax": "-3746000000",
      "incomeTaxExpense": "-1294000000",
      "interestAndDebtExpense": "None",
      "netIncomeFromContinuingOperations": "None",
      "comprehensiveIncomeNetOfTax": "None",
      "ebit": "10114000000",
      "ebitda": "11664000000",
      "netIncome": "-2723000000"
    },
    {
      "fiscalDateEnding": "2006-12-31",
      "reportedCurrency": "USD",
      "grossProfit": "11254000000",
      "totalRevenue": "160123000000",
      "costOfRevenue": "148869000000",
      "costofGoodsAndServicesSold": "148869000000",
      "operatingIncome": "-7926000000",
      "sellingGeneralAndAdministrative": "19180000000",
      "researchAndDevelopment": "7200000000",
      "operatingExpenses": "19180000000",
      "investmentIncomeNet": "None",
      "netInterestIncome": "None",
      "interestIncome": "None",
      "interestExpense": "8783000000",
      "nonInterestIncome": "None",
      "otherNonOperatingIncome": "None",
      "depreciation": "None",
      "depreciationAndAmortization": "16519000000",
      "incomeBeforeTax": "-15051000000",
      "incomeTaxExpense": "-2646000000",
      "interestAndDebtExpense": "None",
      "netIncomeFromContinuingOperations": "None",
      "comprehensiveIncomeNetOfTax": "None",
      "ebit": "-7685000000",
      "ebitda": "8834000000",
      "netIncome": "-12613000000"
    },
    {
      "fiscalDateEnding": "2005-12-31",
      "reportedCurrency": "USD",
      "grossProfit": "32145000000",
      "totalRevenue": "177089000000",
      "costOfRevenue": "144944000000",
      "costofGoodsAndServicesSold": "144944000000",
      "operatingIncome": "7493000000",
      "sellingGeneralAndAdministrative": "24652000000",
      "researchAndDevelopment": "8000000000",
      "operatingExpenses": "24652000000",
      "investmentIncomeNet": "None",
      "netInterestIncome": "None",
      "interestIncome": "None",
      "interestExpense": "7643000000",
      "nonInterestIncome": "None",
      "otherNonOperatingIncome": "None",
      "depreciation": "None",
      "depreciationAndAmortization": "6722000000",
      "incomeBeforeTax": "1996000000",
      "incomeTaxExpense": "-512000000",
      "interestAndDebtExpense": "None",
      "netIncomeFromContinuingOperations": "None",
      "comprehensiveIncomeNetOfTax": "None",
      "ebit": "6881000000",
      "ebitda": "13603000000",
      "netIncome": "2024000000"
    }
  ],
  "quarterlyReports": [
    {
      "fiscalDateEnding": "2025-03-31",
      "reportedCurrency": "USD",
      "grossProfit": "2750000000",
      "totalRevenue": "40659000000",
      "costOfRevenue": "37909000000",
      "costofGoodsAndServicesSold": "37909000000",
      "operatingIncome": "319000000",
      "sellingGeneralAndAdministrative": "2431000000",
      "researchAndDevelopment": "None",
      "operatingExpenses": "40340000000",
      "investmentIncomeNet": "None",
      "netInterestIncome": "46000000",
      "interestIncome": "351000000",
      "interestExpense": "305000000",
      "nonInterestIncome": "None",
      "otherNonOperatingIncome": "None",
      "depreciation": "None",
      "depreciationAndAmortization": "None",
      "incomeBeforeTax": "621000000",
      "incomeTaxExpense": "None",
      "interestAndDebtExpense": "None",
      "netIncomeFromContinuingOperations": "473000000",
      "comprehensiveIncomeNetOfTax": "None",
      "ebit": "None",
      "ebitda": "None",
      "netIncome": "471000000"
    },
    {
      "fiscalDateEnding": "2024-12-31",
      "reportedCurrency": "USD",
      "grossProfit": "4008000000",
      "totalRevenue": "48211000000",
      "costOfRevenue": "44203000000",
      "costofGoodsAndServicesSold": "44203000000",
      "operatingIncome": "1231000000",
      "sellingGeneralAndAdministrative": "2777000000",
      "researchAndDevelopment": "None",
      "operatingExpenses": "2777000000",
      "investmentIncomeNet": "None",
      "netInterestIncome": "104000000",
      "interestIncome": "396000000",
      "interestExpense": "292000000",
      "nonInterestIncome": "None",
      "otherNonOperatingIncome": "None",
      "depreciation": "None",
      "depreciationAndAmortization": "1450000000",
      "incomeBeforeTax": "2314000000",
      "incomeTaxExpense": "483000000",
      "interestAndDebtExpense": "None",
      "netIncomeFromContinuingOperations": "1831000000",
      "comprehensiveIncomeNetOfTax": "None",
      "ebit": "2609000000",
      "ebitda": "4059000000",
      "netIncome": "1824000000"
    },
    {
      "fiscalDateEnding": "2024-09-30",
      "reportedCurrency": "USD",
      "grossProfit": "3336000000",
      "totalRevenue": "46196000000",
      "costOfRevenue": "42860000000",
      "costofGoodsAndServicesSold": "42860000000",
      "operatingIncome": "880000000",
      "sellingGeneralAndAdministrative": "2456000000",
      "researchAndDevelopment": "None",
      "operatingExpenses": "2456000000",
      "investmentIncomeNet": "None",
      "netInterestIncome": "94000000",
      "interestIncome": "367000000",
      "interestExpense": "273000000",
      "nonInterestIncome": "None",
      "otherNonOperatingIncome": "None",
      "depreciation": "None",
      "depreciationAndAmortization": "1394000000",
      "incomeBeforeTax": "869000000",
      "incomeTaxExpense": "-27000000",
      "interestAndDebtExpense": "None",
      "netIncomeFromContinuingOperations": "896000000",
      "comprehensiveIncomeNetOfTax": "None",
      "ebit": "1141000000",
      "ebitda": "2535000000",
      "netIncome": "892000000"
    },
    {
      "fiscalDateEnding": "2024-06-30",
      "reportedCurrency": "USD",
      "grossProfit": "4528000000",
      "totalRevenue": "47808000000",
      "costOfRevenue": "43280000000",
      "costofGoodsAndServicesSold": "43280000000",
      "operatingIncome": "1755000000",
      "sellingGeneralAndAdministrative": "2678000000",
      "researchAndDevelopment": "None",
      "operatingExpenses": "2773000000",
      "investmentIncomeNet": "None",
      "netInterestIncome": "88000000",
      "interestIncome": "367000000",
      "interestExpense": "279000000",
      "nonInterestIncome": "None",
      "otherNonOperatingIncome": "None",
      "depreciation": "None",
      "depreciationAndAmortization": "1518000000",
      "incomeBeforeTax": "2438000000",
      "incomeTaxExpense": "605000000",
      "interestAndDebtExpense": "None",
      "netIncomeFromContinuingOperations": "1833000000",
      "comprehensiveIncomeNetOfTax": "None",
      "ebit": "2708000000",
      "ebitda": "4226000000",
      "netIncome": "1831000000"
    },
    {
      "fiscalDateEnding": "2024-03-31",
      "reportedCurrency": "USD",
      "grossProfit": "3724000000",
      "totalRevenue": "42777000000",
      "costOfRevenue": "39053000000",
      "costofGoodsAndServicesSold": "39053000000",
      "operatingIncome": "1260000000",
      "sellingGeneralAndAdministrative": "2376000000",
      "researchAndDevelopment": "None",
      "operatingExpenses": "2464000000",
      "investmentIncomeNet": "None",
      "netInterestIncome": "118000000",
      "interestIncome": "410000000",
      "interestExpense": "292000000",
      "nonInterestIncome": "None",
      "otherNonOperatingIncome": "None",
      "depreciation": "None",
      "depreciationAndAmortization": "1505000000",
      "incomeBeforeTax": "1612000000",
      "incomeTaxExpense": "278000000",
      "interestAndDebtExpense": "None",
      "netIncomeFromContinuingOperations": "1334000000",
      "comprehensiveIncomeNetOfTax": "None",
      "ebit": "1890000000",
      "ebitda": "3395000000",
      "netIncome": "1332000000"
    },
    {
      "fiscalDateEnding": "2023-12-31",
      "reportedCurrency": "USD",
      "grossProfit": "2530000000",
      "totalRevenue": "45962000000",
      "costOfRevenue": "43432000000",
      "costofGoodsAndServicesSold": "43432000000",
      "operatingIncome": "-245000000",
      "sellingGeneralAndAdministrative": "275000000",
      "researchAndDevelopment": "8200000000",
      "operatingExpenses": "2775000000",
      "investmentIncomeNet": "None",
      "netInterestIncome": "63000000",
      "interestIncome": "433000000",
      "interestExpense": "370000000",
      "nonInterestIncome": "None",
      "otherNonOperatingIncome": "None",
      "depreciation": "None",
      "depreciationAndAmortization": "1698000000",
      "incomeBeforeTax": "-1867000000",
      "incomeTaxExpense": "-1344000000",
      "interestAndDebtExpense": "None",
      "netIncomeFromContinuingOperations": "-523000000",
      "comprehensiveIncomeNetOfTax": "None",
      "ebit": "-1501000000",
      "ebitda": "197000000",
      "netIncome": "-526000000"
    },
    {
      "fiscalDateEnding": "2023-09-30",
      "reportedCurrency": "USD",
      "grossProfit": "6253000000",
      "totalRevenue": "43801000000",
      "costOfRevenue": "37548000000",
      "costofGoodsAndServicesSold": "37548000000",
      "operatingIncome": "1129000000",
      "sellingGeneralAndAdministrative": "2671000000",
      "researchAndDevelopment": "None",
      "operatingExpenses": "2671000000",
      "investmentIncomeNet": "None",
      "netInterestIncome": "-2369000000",
      "interestIncome": "325000000",
      "interestExpense": "2783000000",
      "nonInterestIncome": "None",
      "otherNonOperatingIncome": "None",
      "depreciation": "None",
      "depreciationAndAmortization": "1604000000",
      "incomeBeforeTax": "1387000000",
      "incomeTaxExpense": "214000000",
      "interestAndDebtExpense": "None",
      "netIncomeFromContinuingOperations": "1173000000",
      "comprehensiveIncomeNetOfTax": "None",
      "ebit": "1711000000",
      "ebitda": "3315000000",
      "netIncome": "1199000000"
    },
    {
      "fiscalDateEnding": "2023-06-30",
      "reportedCurrency": "USD",
      "grossProfit": "7483000000",
      "totalRevenue": "44954000000",
      "costOfRevenue": "37471000000",
      "costofGoodsAndServicesSold": "37471000000",
      "operatingIncome": "2461000000",
      "sellingGeneralAndAdministrative": "5022000000",
      "researchAndDevelopment": "None",
      "operatingExpenses": "2750000000",
      "investmentIncomeNet": "None",
      "netInterestIncome": "-2206000000",
      "interestIncome": "428000000",
      "interestExpense": "2578000000",
      "nonInterestIncome": "None",
      "otherNonOperatingIncome": "131000000",
      "depreciation": "None",
      "depreciationAndAmortization": "1596000000",
      "incomeBeforeTax": "2288000000",
      "incomeTaxExpense": "272000000",
      "interestAndDebtExpense": "None",
      "netIncomeFromContinuingOperations": "2016000000",
      "comprehensiveIncomeNetOfTax": "None",
      "ebit": "2592000000",
      "ebitda": "4188000000",
      "netIncome": "1917000000"
    },
    {
      "fiscalDateEnding": "2023-03-31",
      "reportedCurrency": "USD",
      "grossProfit": "4619000000",
      "totalRevenue": "41474000000",
      "costOfRevenue": "36855000000",
      "costofGoodsAndServicesSold": "36855000000",
      "operatingIncome": "2113000000",
      "sellingGeneralAndAdministrative": "4692000000",
      "researchAndDevelopment": "None",
      "operatingExpenses": "2506000000",
      "investmentIncomeNet": "None",
      "netInterestIncome": "36000000",
      "interestIncome": "178000000",
      "interestExpense": "312000000",
      "nonInterestIncome": "None",
      "otherNonOperatingIncome": "354000000",
      "depreciation": "None",
      "depreciationAndAmortization": "1625000000",
      "incomeBeforeTax": "2159000000",
      "incomeTaxExpense": "496000000",
      "interestAndDebtExpense": "None",
      "netIncomeFromContinuingOperations": "1663000000",
      "comprehensiveIncomeNetOfTax": "None",
      "ebit": "2467000000",
      "ebitda": "4092000000",
      "netIncome": "1757000000"
    },
    {
      "fiscalDateEnding": "2022-12-31",
      "reportedCurrency": "USD",
      "grossProfit": "6183000000",
      "totalRevenue": "43999000000",
      "costOfRevenue": "37816000000",
      "costofGoodsAndServicesSold": "37816000000",
      "operatingIncome": "3740000000",
      "sellingGeneralAndAdministrative": "342000000",
      "researchAndDevelopment": "7800000000",
      "operatingExpenses": "2542000000",
      "investmentIncomeNet": "None",
      "netInterestIncome": "-2121000000",
      "interestIncome": "600000000",
      "interestExpense": "341000000",
      "nonInterestIncome": "None",
      "otherNonOperatingIncome": "-77000000",
      "depreciation": "None",
      "depreciationAndAmortization": "1700000000",
      "incomeBeforeTax": "1166000000",
      "incomeTaxExpense": "-93000000",
      "interestAndDebtExpense": "None",
      "netIncomeFromContinuingOperations": "1259000000",
      "comprehensiveIncomeNetOfTax": "None",
      "ebit": "1484000000",
      "ebitda": "3184000000",
      "netIncome": "1289000000"
    },
    {
      "fiscalDateEnding": "2022-09-30",
      "reportedCurrency": "USD",
      "grossProfit": "5038000000",
      "totalRevenue": "39392000000",
      "costOfRevenue": "34354000000",
      "costofGoodsAndServicesSold": "34354000000",
      "operatingIncome": "504000000",
      "sellingGeneralAndAdministrative": "2847000000",
      "researchAndDevelopment": "None",
      "operatingExpenses": "2847000000",
      "investmentIncomeNet": "None",
      "netInterestIncome": "-1826000000",
      "interestIncome": "2947000000",
      "interestExpense": "321000000",
      "nonInterestIncome": "None",
      "otherNonOperatingIncome": "-1308000000",
      "depreciation": "None",
      "depreciationAndAmortization": "1627000000",
      "incomeBeforeTax": "-1125000000",
      "incomeTaxExpense": "-195000000",
      "interestAndDebtExpense": "None",
      "netIncomeFromContinuingOperations": "-930000000",
      "comprehensiveIncomeNetOfTax": "None",
      "ebit": "-804000000",
      "ebitda": "823000000",
      "netIncome": "-930000000"
    },
    {
      "fiscalDateEnding": "2022-06-30",
      "reportedCurrency": "USD",
      "grossProfit": "6999000000",
      "totalRevenue": "40190000000",
      "costOfRevenue": "33191000000",
      "costofGoodsAndServicesSold": "33191000000",
      "operatingIncome": "4995000000",
      "sellingGeneralAndAdministrative": "4131000000",
      "researchAndDevelopment": "None",
      "operatingExpenses": "2759000000",
      "investmentIncomeNet": "None",
      "netInterestIncome": "-1593000000",
      "interestIncome": "91000000",
      "interestExpense": "312000000",
      "nonInterestIncome": "None",
      "otherNonOperatingIncome": "-1765000000",
      "depreciation": "None",
      "depreciationAndAmortization": "1619000000",
      "incomeBeforeTax": "791000000",
      "incomeTaxExpense": "153000000",
      "interestAndDebtExpense": "None",
      "netIncomeFromContinuingOperations": "638000000",
      "comprehensiveIncomeNetOfTax": "None",
      "ebit": "1103000000",
      "ebitda": "2722000000",
      "netIncome": "667000000"
    },
    {
      "fiscalDateEnding": "2022-03-31",
      "reportedCurrency": "USD",
      "grossProfit": "5440000000",
      "totalRevenue": "34476000000",
      "costOfRevenue": "29036000000",
      "costofGoodsAndServicesSold": "29036000000",
      "operatingIncome": "3271000000",
      "sellingGeneralAndAdministrative": "4097000000",
      "researchAndDevelopment": "None",
      "operatingExpenses": "2740000000",
      "investmentIncomeNet": "None",
      "netInterestIncome": "-1599000000",
      "interestIncome": "66000000",
      "interestExpense": "308000000",
      "nonInterestIncome": "None",
      "otherNonOperatingIncome": "-4883000000",
      "depreciation": "None",
      "depreciationAndAmortization": "1547000000",
      "incomeBeforeTax": "-3848000000",
      "incomeTaxExpense": "-729000000",
      "interestAndDebtExpense": "None",
      "netIncomeFromContinuingOperations": "-3119000000",
      "comprehensiveIncomeNetOfTax": "None",
      "ebit": "-3540000000",
      "ebitda": "-1993000000",
      "netIncome": "-3119000000"
    },
    {
      "fiscalDateEnding": "2021-12-31",
      "reportedCurrency": "USD",
      "grossProfit": "5285000000",
      "totalRevenue": "37678000000",
      "costOfRevenue": "32393000000",
      "costofGoodsAndServicesSold": "32393000000",
      "operatingIncome": "739000000",
      "sellingGeneralAndAdministrative": "148000000",
      "researchAndDevelopment": "7600000000",
      "operatingExpenses": "3248000000",
      "investmentIncomeNet": "None",
      "netInterestIncome": "-1671000000",
      "interestIncome": "65000000",
      "interestExpense": "438000000",
      "nonInterestIncome": "None",
      "otherNonOperatingIncome": "10917000000",
      "depreciation": "None",
      "depreciationAndAmortization": "1516000000",
      "incomeBeforeTax": "11218000000",
      "incomeTaxExpense": "-1055000000",
      "interestAndDebtExpense": "None",
      "netIncomeFromContinuingOperations": "10913000000",
      "comprehensiveIncomeNetOfTax": "None",
      "ebit": "11656000000",
      "ebitda": "13172000000",
      "netIncome": "12282000000"
    },
    {
      "fiscalDateEnding": "2021-09-30",
      "reportedCurrency": "USD",
      "grossProfit": "5626000000",
      "totalRevenue": "35683000000",
      "costOfRevenue": "30057000000",
      "costofGoodsAndServicesSold": "30057000000",
      "operatingIncome": "1342000000",
      "sellingGeneralAndAdministrative": "2947000000",
      "researchAndDevelopment": "None",
      "operatingExpenses": "2947000000",
      "investmentIncomeNet": "None",
      "netInterestIncome": "-1713000000",
      "interestIncome": "63000000",
      "interestExpense": "439000000",
      "nonInterestIncome": "None",
      "otherNonOperatingIncome": "982000000",
      "depreciation": "None",
      "depreciationAndAmortization": "1520000000",
      "incomeBeforeTax": "1885000000",
      "incomeTaxExpense": "63000000",
      "interestAndDebtExpense": "None",
      "netIncomeFromContinuingOperations": "1822000000",
      "comprehensiveIncomeNetOfTax": "None",
      "ebit": "2324000000",
      "ebitda": "3844000000",
      "netIncome": "1832000000"
    },
    {
      "fiscalDateEnding": "2021-06-30",
      "reportedCurrency": "USD",
      "grossProfit": "3848000000",
      "totalRevenue": "26752000000",
      "costOfRevenue": "22904000000",
      "costofGoodsAndServicesSold": "22904000000",
      "operatingIncome": "-22000000",
      "sellingGeneralAndAdministrative": "2877000000",
      "researchAndDevelopment": "None",
      "operatingExpenses": "2877000000",
      "investmentIncomeNet": "None",
      "netInterestIncome": "-1382000000",
      "interestIncome": "64000000",
      "interestExpense": "453000000",
      "nonInterestIncome": "None",
      "otherNonOperatingIncome": "1210000000",
      "depreciation": "None",
      "depreciationAndAmortization": "1182000000",
      "incomeBeforeTax": "735000000",
      "incomeTaxExpense": "182000000",
      "interestAndDebtExpense": "None",
      "netIncomeFromContinuingOperations": "553000000",
      "comprehensiveIncomeNetOfTax": "None",
      "ebit": "1188000000",
      "ebitda": "2370000000",
      "netIncome": "561000000"
    },
    {
      "fiscalDateEnding": "2021-03-31",
      "reportedCurrency": "USD",
      "grossProfit": "6931000000",
      "totalRevenue": "36228000000",
      "costOfRevenue": "29297000000",
      "costofGoodsAndServicesSold": "29297000000",
      "operatingIncome": "2464000000",
      "sellingGeneralAndAdministrative": "4467000000",
      "researchAndDevelopment": "None",
      "operatingExpenses": "2843000000",
      "investmentIncomeNet": "None",
      "netInterestIncome": "-2028000000",
      "interestIncome": "72000000",
      "interestExpense": "476000000",
      "nonInterestIncome": "None",
      "otherNonOperatingIncome": "1951000000",
      "depreciation": "None",
      "depreciationAndAmortization": "1742000000",
      "incomeBeforeTax": "3942000000",
      "incomeTaxExpense": "680000000",
      "interestAndDebtExpense": "None",
      "netIncomeFromContinuingOperations": "4622000000",
      "comprehensiveIncomeNetOfTax": "None",
      "ebit": "4415000000",
      "ebitda": "6157000000",
      "netIncome": "3262000000"
    },
    {
      "fiscalDateEnding": "2020-12-31",
      "reportedCurrency": "USD",
      "grossProfit": "2877000000",
      "totalRevenue": "35952000000",
      "costOfRevenue": "33075000000",
      "costofGoodsAndServicesSold": "33075000000",
      "operatingIncome": "-2442000000",
      "sellingGeneralAndAdministrative": "730000000",
      "researchAndDevelopment": "7100000000",
      "operatingExpenses": "3530000000",
      "investmentIncomeNet": "None",
      "netInterestIncome": "-383000000",
      "interestIncome": "91000000",
      "interestExpense": "476000000",
      "nonInterestIncome": "None",
      "otherNonOperatingIncome": "4949000000",
      "depreciation": "None",
      "depreciationAndAmortization": "1725000000",
      "incomeBeforeTax": "-3810000000",
      "incomeTaxExpense": "-1019000000",
      "interestAndDebtExpense": "None",
      "netIncomeFromContinuingOperations": "-2791000000",
      "comprehensiveIncomeNetOfTax": "None",
      "ebit": "-3336000000",
      "ebitda": "-1611000000",
      "netIncome": "-2788000000"
    },
    {
      "fiscalDateEnding": "2020-09-30",
      "reportedCurrency": "USD",
      "grossProfit": "6278000000",
      "totalRevenue": "37501000000",
      "costOfRevenue": "31223000000",
      "costofGoodsAndServicesSold": "31223000000",
      "operatingIncome": "2351000000",
      "sellingGeneralAndAdministrative": "2266000000",
      "researchAndDevelopment": "None",
      "operatingExpenses": "2266000000",
      "investmentIncomeNet": "None",
      "netInterestIncome": "-412000000",
      "interestIncome": "54000000",
      "interestExpense": "502000000",
      "nonInterestIncome": "None",
      "otherNonOperatingIncome": "58000000",
      "depreciation": "None",
      "depreciationAndAmortization": "1520000000",
      "incomeBeforeTax": "2756000000",
      "incomeTaxExpense": "366000000",
      "interestAndDebtExpense": "None",
      "netIncomeFromContinuingOperations": "2390000000",
      "comprehensiveIncomeNetOfTax": "None",
      "ebit": "3254000000",
      "ebitda": "4774000000",
      "netIncome": "2385000000"
    },
    {
      "fiscalDateEnding": "2020-06-30",
      "reportedCurrency": "USD",
      "grossProfit": "1439000000",
      "totalRevenue": "19371000000",
      "costOfRevenue": "17932000000",
      "costofGoodsAndServicesSold": "17932000000",
      "operatingIncome": "-2759000000",
      "sellingGeneralAndAdministrative": "1965000000",
      "researchAndDevelopment": "None",
      "operatingExpenses": "1965000000",
      "investmentIncomeNet": "None",
      "netInterestIncome": "-316000000",
      "interestIncome": "134000000",
      "interestExpense": "450000000",
      "nonInterestIncome": "None",
      "otherNonOperatingIncome": "-25000000",
      "depreciation": "None",
      "depreciationAndAmortization": "2070000000",
      "incomeBeforeTax": "1084000000",
      "incomeTaxExpense": "-34000000",
      "interestAndDebtExpense": "None",
      "netIncomeFromContinuingOperations": "1118000000",
      "comprehensiveIncomeNetOfTax": "None",
      "ebit": "1534000000",
      "ebitda": "3604000000",
      "netIncome": "1117000000"
    },
    {
      "fiscalDateEnding": "2020-03-31",
      "reportedCurrency": "USD",
      "grossProfit": "3798000000",
      "totalRevenue": "34320000000",
      "costOfRevenue": "30522000000",
      "costofGoodsAndServicesSold": "30522000000",
      "operatingIncome": "-1558000000",
      "sellingGeneralAndAdministrative": "2432000000",
      "researchAndDevelopment": "None",
      "operatingExpenses": "2432000000",
      "investmentIncomeNet": "None",
      "netInterestIncome": "-88000000",
      "interestIncome": "162000000",
      "interestExpense": "250000000",
      "nonInterestIncome": "None",
      "otherNonOperatingIncome": "-41000000",
      "depreciation": "None",
      "depreciationAndAmortization": "2142000000",
      "incomeBeforeTax": "-1146000000",
      "incomeTaxExpense": "847000000",
      "interestAndDebtExpense": "None",
      "netIncomeFromContinuingOperations": "-1993000000",
      "comprehensiveIncomeNetOfTax": "None",
      "ebit": "-919000000",
      "ebitda": "1223000000",
      "netIncome": "-1993000000"
    },
    {
      "fiscalDateEnding": "2019-12-31",
      "reportedCurrency": "USD",
      "grossProfit": "4903000000",
      "totalRevenue": "39715000000",
      "costOfRevenue": "34812000000",
      "costofGoodsAndServicesSold": "34812000000",
      "operatingIncome": "-457000000",
      "sellingGeneralAndAdministrative": "608000000",
      "researchAndDevelopment": "7400000000",
      "operatingExpenses": "2992000000",
      "investmentIncomeNet": "None",
      "netInterestIncome": "-61000000",
      "interestIncome": "197000000",
      "interestExpense": "258000000",
      "nonInterestIncome": "None",
      "otherNonOperatingIncome": "-64000000",
      "depreciation": "None",
      "depreciationAndAmortization": "2071000000",
      "incomeBeforeTax": "-2436000000",
      "incomeTaxExpense": "-764000000",
      "interestAndDebtExpense": "None",
      "netIncomeFromContinuingOperations": "-1672000000",
      "comprehensiveIncomeNetOfTax": "None",
      "ebit": "-2181000000",
      "ebitda": "-110000000",
      "netIncome": "-1672000000"
    },
    {
      "fiscalDateEnding": "2019-09-30",
      "reportedCurrency": "USD",
      "grossProfit": "4708000000",
      "totalRevenue": "36990000000",
      "costOfRevenue": "32282000000",
      "costofGoodsAndServicesSold": "32282000000",
      "operatingIncome": "-261000000",
      "sellingGeneralAndAdministrative": "2601000000",
      "researchAndDevelopment": "None",
      "operatingExpenses": "2601000000",
      "investmentIncomeNet": "None",
      "netInterestIncome": "-79000000",
      "interestIncome": "202000000",
      "interestExpense": "276000000",
      "nonInterestIncome": "None",
      "otherNonOperatingIncome": "-16000000",
      "depreciation": "None",
      "depreciationAndAmortization": "2018000000",
      "incomeBeforeTax": "-19000000",
      "incomeTaxExpense": "-442000000",
      "interestAndDebtExpense": "None",
      "netIncomeFromContinuingOperations": "423000000",
      "comprehensiveIncomeNetOfTax": "None",
      "ebit": "257000000",
      "ebitda": "2275000000",
      "netIncome": "425000000"
    },
    {
      "fiscalDateEnding": "2019-06-30",
      "reportedCurrency": "USD",
      "grossProfit": "5196000000",
      "totalRevenue": "38853000000",
      "costOfRevenue": "33657000000",
      "costofGoodsAndServicesSold": "33657000000",
      "operatingIncome": "2471000000",
      "sellingGeneralAndAdministrative": "2725000000",
      "researchAndDevelopment": "None",
      "operatingExpenses": "2725000000",
      "investmentIncomeNet": "None",
      "netInterestIncome": "-38000000",
      "interestIncome": "206000000",
      "interestExpense": "244000000",
      "nonInterestIncome": "None",
      "otherNonOperatingIncome": "87000000",
      "depreciation": "None",
      "depreciationAndAmortization": "2259000000",
      "incomeBeforeTax": "205000000",
      "incomeTaxExpense": "55000000",
      "interestAndDebtExpense": "None",
      "netIncomeFromContinuingOperations": "150000000",
      "comprehensiveIncomeNetOfTax": "None",
      "ebit": "449000000",
      "ebitda": "2708000000",
      "netIncome": "148000000"
    },
    {
      "fiscalDateEnding": "2019-03-31",
      "reportedCurrency": "USD",
      "grossProfit": "6400000000",
      "totalRevenue": "40342000000",
      "costOfRevenue": "33942000000",
      "costofGoodsAndServicesSold": "33942000000",
      "operatingIncome": "3557000000",
      "sellingGeneralAndAdministrative": "2843000000",
      "researchAndDevelopment": "None",
      "operatingExpenses": "2843000000",
      "investmentIncomeNet": "None",
      "netInterestIncome": "-62000000",
      "interestIncome": "33000000",
      "interestExpense": "265000000",
      "nonInterestIncome": "None",
      "otherNonOperatingIncome": "25000000",
      "depreciation": "None",
      "depreciationAndAmortization": "2142000000",
      "incomeBeforeTax": "1610000000",
      "incomeTaxExpense": "427000000",
      "interestAndDebtExpense": "None",
      "netIncomeFromContinuingOperations": "1183000000",
      "comprehensiveIncomeNetOfTax": "None",
      "ebit": "1875000000",
      "ebitda": "4017000000",
      "netIncome": "1146000000"
    },
    {
      "fiscalDateEnding": "2018-12-31",
      "reportedCurrency": "USD",
      "grossProfit": "13091000000",
      "totalRevenue": "41793000000",
      "costOfRevenue": "28702000000",
      "costofGoodsAndServicesSold": "28702000000",
      "operatingIncome": "10095000000",
      "sellingGeneralAndAdministrative": "1004000000",
      "researchAndDevelopment": "8200000000",
      "operatingExpenses": "2996000000",
      "investmentIncomeNet": "None",
      "netInterestIncome": "None",
      "interestIncome": "None",
      "interestExpense": "295000000",
      "nonInterestIncome": "None",
      "otherNonOperatingIncome": "-129000000",
      "depreciation": "None",
      "depreciationAndAmortization": "-333000000",
      "incomeBeforeTax": "-17000000",
      "incomeTaxExpense": "95000000",
      "interestAndDebtExpense": "None",
      "netIncomeFromContinuingOperations": "-112000000",
      "comprehensiveIncomeNetOfTax": "None",
      "ebit": "305000000",
      "ebitda": "-28000000",
      "netIncome": "-116000000"
    },
    {
      "fiscalDateEnding": "2018-09-30",
      "reportedCurrency": "USD",
      "grossProfit": "3746000000",
      "totalRevenue": "37666000000",
      "costOfRevenue": "33920000000",
      "costofGoodsAndServicesSold": "33920000000",
      "operatingIncome": "864000000",
      "sellingGeneralAndAdministrative": "2882000000",
      "researchAndDevelopment": "0",
      "operatingExpenses": "2882000000",
      "investmentIncomeNet": "None",
      "netInterestIncome": "None",
      "interestIncome": "None",
      "interestExpense": "348000000",
      "nonInterestIncome": "None",
      "otherNonOperatingIncome": "-32000000",
      "depreciation": "None",
      "depreciationAndAmortization": "649000000",
      "incomeBeforeTax": "1094000000",
      "incomeTaxExpense": "101000000",
      "interestAndDebtExpense": "None",
      "netIncomeFromContinuingOperations": "993000000",
      "comprehensiveIncomeNetOfTax": "None",
      "ebit": "783000000",
      "ebitda": "1432000000",
      "netIncome": "991000000"
    },
    {
      "fiscalDateEnding": "2018-06-30",
      "reportedCurrency": "USD",
      "grossProfit": "3364000000",
      "totalRevenue": "38920000000",
      "costOfRevenue": "35556000000",
      "costofGoodsAndServicesSold": "35556000000",
      "operatingIncome": "586000000",
      "sellingGeneralAndAdministrative": "2778000000",
      "researchAndDevelopment": "0",
      "operatingExpenses": "2778000000",
      "investmentIncomeNet": "None",
      "netInterestIncome": "None",
      "interestIncome": "None",
      "interestExpense": "301000000",
      "nonInterestIncome": "None",
      "otherNonOperatingIncome": "60000000",
      "depreciation": "None",
      "depreciationAndAmortization": "847000000",
      "incomeBeforeTax": "1349000000",
      "incomeTaxExpense": "280000000",
      "interestAndDebtExpense": "None",
      "netIncomeFromContinuingOperations": "1069000000",
      "comprehensiveIncomeNetOfTax": "None",
      "ebit": "803000000",
      "ebitda": "1650000000",
      "netIncome": "1066000000"
    },
    {
      "fiscalDateEnding": "2018-03-31",
      "reportedCurrency": "USD",
      "grossProfit": "6206000000",
      "totalRevenue": "41959000000",
      "costOfRevenue": "35753000000",
      "costofGoodsAndServicesSold": "35753000000",
      "operatingIncome": "3459000000",
      "sellingGeneralAndAdministrative": "2747000000",
      "researchAndDevelopment": "0",
      "operatingExpenses": "2747000000",
      "investmentIncomeNet": "None",
      "netInterestIncome": "None",
      "interestIncome": "None",
      "interestExpense": "289000000",
      "nonInterestIncome": "None",
      "otherNonOperatingIncome": "224000000",
      "depreciation": "None",
      "depreciationAndAmortization": "1092000000",
      "incomeBeforeTax": "1919000000",
      "incomeTaxExpense": "174000000",
      "interestAndDebtExpense": "None",
      "netIncomeFromContinuingOperations": "1745000000",
      "comprehensiveIncomeNetOfTax": "None",
      "ebit": "1116000000",
      "ebitda": "2208000000",
      "netIncome": "1736000000"
    },
    {
      "fiscalDateEnding": "2017-12-31",
      "reportedCurrency": "USD",
      "grossProfit": "6339000000",
      "totalRevenue": "41326000000",
      "costOfRevenue": "34987000000",
      "costofGoodsAndServicesSold": "34987000000",
      "operatingIncome": "3251000000",
      "sellingGeneralAndAdministrative": "1012000000",
      "researchAndDevelopment": "8000000000",
      "operatingExpenses": "3088000000",
      "investmentIncomeNet": "None",
      "netInterestIncome": "None",
      "interestIncome": "None",
      "interestExpense": "296000000",
      "nonInterestIncome": "None",
      "otherNonOperatingIncome": "266000000",
      "depreciation": "None",
      "depreciationAndAmortization": "1349000000",
      "incomeBeforeTax": "1889000000",
      "incomeTaxExpense": "-524000000",
      "interestAndDebtExpense": "None",
      "netIncomeFromContinuingOperations": "2413000000",
      "comprehensiveIncomeNetOfTax": "None",
      "ebit": "868000000",
      "ebitda": "2217000000",
      "netIncome": "2409000000"
    },
    {
      "fiscalDateEnding": "2017-09-30",
      "reportedCurrency": "USD",
      "grossProfit": "6163000000",
      "totalRevenue": "36451000000",
      "costOfRevenue": "30288000000",
      "costofGoodsAndServicesSold": "30288000000",
      "operatingIncome": "3244000000",
      "sellingGeneralAndAdministrative": "2919000000",
      "researchAndDevelopment": "0",
      "operatingExpenses": "2919000000",
      "investmentIncomeNet": "None",
      "netInterestIncome": "None",
      "interestIncome": "None",
      "interestExpense": "298000000",
      "nonInterestIncome": "None",
      "otherNonOperatingIncome": "316000000",
      "depreciation": "None",
      "depreciationAndAmortization": "1084000000",
      "incomeBeforeTax": "1757000000",
      "incomeTaxExpense": "186000000",
      "interestAndDebtExpense": "None",
      "netIncomeFromContinuingOperations": "1571000000",
      "comprehensiveIncomeNetOfTax": "None",
      "ebit": "984000000",
      "ebitda": "2068000000",
      "netIncome": "1564000000"
    },
    {
      "fiscalDateEnding": "2017-06-30",
      "reportedCurrency": "USD",
      "grossProfit": "6504000000",
      "totalRevenue": "39853000000",
      "costOfRevenue": "33349000000",
      "costofGoodsAndServicesSold": "33349000000",
      "operatingIncome": "3748000000",
      "sellingGeneralAndAdministrative": "2756000000",
      "researchAndDevelopment": "0",
      "operatingExpenses": "2756000000",
      "investmentIncomeNet": "None",
      "netInterestIncome": "None",
      "interestIncome": "None",
      "interestExpense": "291000000",
      "nonInterestIncome": "None",
      "otherNonOperatingIncome": "273000000",
      "depreciation": "None",
      "depreciationAndAmortization": "1029000000",
      "incomeBeforeTax": "2259000000",
      "incomeTaxExpense": "209000000",
      "interestAndDebtExpense": "None",
      "netIncomeFromContinuingOperations": "2050000000",
      "comprehensiveIncomeNetOfTax": "None",
      "ebit": "3748000000",
      "ebitda": "4777000000",
      "netIncome": "2042000000"
    },
    {
      "fiscalDateEnding": "2017-03-31",
      "reportedCurrency": "USD",
      "grossProfit": "6438000000",
      "totalRevenue": "39146000000",
      "costOfRevenue": "32708000000",
      "costofGoodsAndServicesSold": "32708000000",
      "operatingIncome": "3674000000",
      "sellingGeneralAndAdministrative": "2764000000",
      "researchAndDevelopment": "0",
      "operatingExpenses": "2764000000",
      "investmentIncomeNet": "None",
      "netInterestIncome": "None",
      "interestIncome": "None",
      "interestExpense": "293000000",
      "nonInterestIncome": "None",
      "otherNonOperatingIncome": "346000000",
      "depreciation": "None",
      "depreciationAndAmortization": "1031000000",
      "incomeBeforeTax": "2243000000",
      "incomeTaxExpense": "649000000",
      "interestAndDebtExpense": "None",
      "netIncomeFromContinuingOperations": "1594000000",
      "comprehensiveIncomeNetOfTax": "None",
      "ebit": "1513000000",
      "ebitda": "2544000000",
      "netIncome": "1587000000"
    },
    {
      "fiscalDateEnding": "2016-12-31",
      "reportedCurrency": "USD",
      "grossProfit": "5145000000",
      "totalRevenue": "38654000000",
      "costOfRevenue": "33509000000",
      "costofGoodsAndServicesSold": "33509000000",
      "operatingIncome": "707000000",
      "sellingGeneralAndAdministrative": "138000000",
      "researchAndDevelopment": "7300000000",
      "operatingExpenses": "4438000000",
      "investmentIncomeNet": "None",
      "netInterestIncome": "None",
      "interestIncome": "None",
      "interestExpense": "249000000",
      "nonInterestIncome": "None",
      "otherNonOperatingIncome": "438000000",
      "depreciation": "None",
      "depreciationAndAmortization": "834000000",
      "incomeBeforeTax": "-1117000000",
      "incomeTaxExpense": "-336000000",
      "interestAndDebtExpense": "None",
      "netIncomeFromContinuingOperations": "-781000000",
      "comprehensiveIncomeNetOfTax": "None",
      "ebit": "-1702000000",
      "ebitda": "-868000000",
      "netIncome": "-783000000"
    },
    {
      "fiscalDateEnding": "2016-09-30",
      "reportedCurrency": "USD",
      "grossProfit": "5497000000",
      "totalRevenue": "35943000000",
      "costOfRevenue": "30446000000",
      "costofGoodsAndServicesSold": "30446000000",
      "operatingIncome": "2962000000",
      "sellingGeneralAndAdministrative": "2535000000",
      "researchAndDevelopment": "0",
      "operatingExpenses": "2535000000",
      "investmentIncomeNet": "None",
      "netInterestIncome": "None",
      "interestIncome": "None",
      "interestExpense": "238000000",
      "nonInterestIncome": "None",
      "otherNonOperatingIncome": "403000000",
      "depreciation": "None",
      "depreciationAndAmortization": "838000000",
      "incomeBeforeTax": "1387000000",
      "incomeTaxExpense": "426000000",
      "interestAndDebtExpense": "None",
      "netIncomeFromContinuingOperations": "961000000",
      "comprehensiveIncomeNetOfTax": "None",
      "ebit": "787000000",
      "ebitda": "1625000000",
      "netIncome": "957000000"
    },
    {
      "fiscalDateEnding": "2016-06-30",
      "reportedCurrency": "USD",
      "grossProfit": "7137000000",
      "totalRevenue": "39485000000",
      "costOfRevenue": "32348000000",
      "costofGoodsAndServicesSold": "32348000000",
      "operatingIncome": "4476000000",
      "sellingGeneralAndAdministrative": "2661000000",
      "researchAndDevelopment": "0",
      "operatingExpenses": "2661000000",
      "investmentIncomeNet": "None",
      "netInterestIncome": "None",
      "interestIncome": "None",
      "interestExpense": "212000000",
      "nonInterestIncome": "None",
      "otherNonOperatingIncome": "398000000",
      "depreciation": "None",
      "depreciationAndAmortization": "835000000",
      "incomeBeforeTax": "2875000000",
      "incomeTaxExpense": "903000000",
      "interestAndDebtExpense": "None",
      "netIncomeFromContinuingOperations": "1972000000",
      "comprehensiveIncomeNetOfTax": "None",
      "ebit": "2252000000",
      "ebitda": "3087000000",
      "netIncome": "1970000000"
    },
    {
      "fiscalDateEnding": "2016-03-31",
      "reportedCurrency": "USD",
      "grossProfit": "6779000000",
      "totalRevenue": "37718000000",
      "costOfRevenue": "30939000000",
      "costofGoodsAndServicesSold": "30939000000",
      "operatingIncome": "2815000000",
      "sellingGeneralAndAdministrative": "3823000000",
      "researchAndDevelopment": "0",
      "operatingExpenses": "3964000000",
      "investmentIncomeNet": "None",
      "netInterestIncome": "None",
      "interestIncome": "None",
      "interestExpense": "200000000",
      "nonInterestIncome": "None",
      "otherNonOperatingIncome": "541000000",
      "depreciation": "None",
      "depreciationAndAmortization": "925000000",
      "incomeBeforeTax": "3651000000",
      "incomeTaxExpense": "1196000000",
      "interestAndDebtExpense": "None",
      "netIncomeFromContinuingOperations": "2455000000",
      "comprehensiveIncomeNetOfTax": "None",
      "ebit": "2926000000",
      "ebitda": "3851000000",
      "netIncome": "2452000000"
    },
    {
      "fiscalDateEnding": "2015-12-31",
      "reportedCurrency": "USD",
      "grossProfit": "6399000000",
      "totalRevenue": "40251000000",
      "costOfRevenue": "33852000000",
      "costofGoodsAndServicesSold": "33852000000",
      "operatingIncome": "2340000000",
      "sellingGeneralAndAdministrative": "359000000",
      "researchAndDevelopment": "6700000000",
      "operatingExpenses": "4059000000",
      "investmentIncomeNet": "None",
      "netInterestIncome": "None",
      "interestIncome": "None",
      "interestExpense": "212000000",
      "nonInterestIncome": "None",
      "otherNonOperatingIncome": "581000000",
      "depreciation": "None",
      "depreciationAndAmortization": "1072000000",
      "incomeBeforeTax": "3120000000",
      "incomeTaxExpense": "469000000",
      "interestAndDebtExpense": "None",
      "netIncomeFromContinuingOperations": "2651000000",
      "comprehensiveIncomeNetOfTax": "None",
      "ebit": "2260000000",
      "ebitda": "3332000000",
      "netIncome": "2655000000"
    },
    {
      "fiscalDateEnding": "2015-09-30",
      "reportedCurrency": "USD",
      "grossProfit": "6059000000",
      "totalRevenue": "38144000000",
      "costOfRevenue": "32085000000",
      "costofGoodsAndServicesSold": "32085000000",
      "operatingIncome": "2208000000",
      "sellingGeneralAndAdministrative": "3731000000",
      "researchAndDevelopment": "0",
      "operatingExpenses": "3851000000",
      "investmentIncomeNet": "None",
      "netInterestIncome": "None",
      "interestIncome": "None",
      "interestExpense": "206000000",
      "nonInterestIncome": "None",
      "otherNonOperatingIncome": "314000000",
      "depreciation": "None",
      "depreciationAndAmortization": "626000000",
      "incomeBeforeTax": "2859000000",
      "incomeTaxExpense": "950000000",
      "interestAndDebtExpense": "None",
      "netIncomeFromContinuingOperations": "1909000000",
      "comprehensiveIncomeNetOfTax": "None",
      "ebit": "3219000000",
      "ebitda": "3845000000",
      "netIncome": "1909000000"
    },
    {
      "fiscalDateEnding": "2015-06-30",
      "reportedCurrency": "USD",
      "grossProfit": "6054000000",
      "totalRevenue": "37263000000",
      "costOfRevenue": "31209000000",
      "costofGoodsAndServicesSold": "31209000000",
      "operatingIncome": "2230000000",
      "sellingGeneralAndAdministrative": "3718000000",
      "researchAndDevelopment": "0",
      "operatingExpenses": "3824000000",
      "investmentIncomeNet": "None",
      "netInterestIncome": "None",
      "interestIncome": "None",
      "interestExpense": "190000000",
      "nonInterestIncome": "None",
      "otherNonOperatingIncome": "486000000",
      "depreciation": "None",
      "depreciationAndAmortization": "810000000",
      "incomeBeforeTax": "2868000000",
      "incomeTaxExpense": "982000000",
      "interestAndDebtExpense": "None",
      "netIncomeFromContinuingOperations": "1886000000",
      "comprehensiveIncomeNetOfTax": "None",
      "ebit": "2908000000",
      "ebitda": "3718000000",
      "netIncome": "1885000000"
    },
    {
      "fiscalDateEnding": "2015-03-31",
      "reportedCurrency": "USD",
      "grossProfit": "4551000000",
      "totalRevenue": "33900000000",
      "costOfRevenue": "29349000000",
      "costofGoodsAndServicesSold": "29349000000",
      "operatingIncome": "869000000",
      "sellingGeneralAndAdministrative": "3609000000",
      "researchAndDevelopment": "0",
      "operatingExpenses": "3682000000",
      "investmentIncomeNet": "None",
      "netInterestIncome": "None",
      "interestIncome": "None",
      "interestExpense": "165000000",
      "nonInterestIncome": "None",
      "otherNonOperatingIncome": "437000000",
      "depreciation": "None",
      "depreciationAndAmortization": "690000000",
      "incomeBeforeTax": "1405000000",
      "incomeTaxExpense": "480000000",
      "interestAndDebtExpense": "None",
      "netIncomeFromContinuingOperations": "925000000",
      "comprehensiveIncomeNetOfTax": "None",
      "ebit": "1735000000",
      "ebitda": "2425000000",
      "netIncome": "924000000"
    },
    {
      "fiscalDateEnding": "2014-12-31",
      "reportedCurrency": "USD",
      "grossProfit": "4154000000",
      "totalRevenue": "35870000000",
      "costOfRevenue": "31716000000",
      "costofGoodsAndServicesSold": "31716000000",
      "operatingIncome": "281000000",
      "sellingGeneralAndAdministrative": "515000000",
      "researchAndDevelopment": "6700000000",
      "operatingExpenses": "3873000000",
      "investmentIncomeNet": "None",
      "netInterestIncome": "None",
      "interestIncome": "None",
      "interestExpense": "191000000",
      "nonInterestIncome": "None",
      "otherNonOperatingIncome": "401000000",
      "depreciation": "None",
      "depreciationAndAmortization": "-40000000",
      "incomeBeforeTax": "-56000000",
      "incomeTaxExpense": "-105000000",
      "interestAndDebtExpense": "None",
      "netIncomeFromContinuingOperations": "49000000",
      "comprehensiveIncomeNetOfTax": "None",
      "ebit": "321000000",
      "ebitda": "281000000",
      "netIncome": "52000000"
    },
    {
      "fiscalDateEnding": "2014-09-30",
      "reportedCurrency": "USD",
      "grossProfit": "4050000000",
      "totalRevenue": "34920000000",
      "costOfRevenue": "30870000000",
      "costofGoodsAndServicesSold": "30870000000",
      "operatingIncome": "492000000",
      "sellingGeneralAndAdministrative": "3484000000",
      "researchAndDevelopment": "0",
      "operatingExpenses": "3558000000",
      "investmentIncomeNet": "None",
      "netInterestIncome": "None",
      "interestIncome": "None",
      "interestExpense": "204000000",
      "nonInterestIncome": "None",
      "otherNonOperatingIncome": "388000000",
      "depreciation": "None",
      "depreciationAndAmortization": "696000000",
      "incomeBeforeTax": "1021000000",
      "incomeTaxExpense": "188000000",
      "interestAndDebtExpense": "None",
      "netIncomeFromContinuingOperations": "833000000",
      "comprehensiveIncomeNetOfTax": "None",
      "ebit": "992000000",
      "ebitda": "1688000000",
      "netIncome": "835000000"
    },
    {
      "fiscalDateEnding": "2014-06-30",
      "reportedCurrency": "USD",
      "grossProfit": "5481000000",
      "totalRevenue": "37411000000",
      "costOfRevenue": "31930000000",
      "costofGoodsAndServicesSold": "31930000000",
      "operatingIncome": "1901000000",
      "sellingGeneralAndAdministrative": "3476000000",
      "researchAndDevelopment": "0",
      "operatingExpenses": "3580000000",
      "investmentIncomeNet": "None",
      "netInterestIncome": "None",
      "interestIncome": "None",
      "interestExpense": "207000000",
      "nonInterestIncome": "None",
      "otherNonOperatingIncome": "67000000",
      "depreciation": "None",
      "depreciationAndAmortization": "355000000",
      "incomeBeforeTax": "2118000000",
      "incomeTaxExpense": "803000000",
      "interestAndDebtExpense": "None",
      "netIncomeFromContinuingOperations": "1315000000",
      "comprehensiveIncomeNetOfTax": "None",
      "ebit": "1970000000",
      "ebitda": "2325000000",
      "netIncome": "1311000000"
    },
    {
      "fiscalDateEnding": "2014-03-31",
      "reportedCurrency": "USD",
      "grossProfit": "4177000000",
      "totalRevenue": "35876000000",
      "costOfRevenue": "31699000000",
      "costofGoodsAndServicesSold": "31699000000",
      "operatingIncome": "766000000",
      "sellingGeneralAndAdministrative": "3372000000",
      "researchAndDevelopment": "0",
      "operatingExpenses": "3411000000",
      "investmentIncomeNet": "None",
      "netInterestIncome": "None",
      "interestIncome": "None",
      "interestExpense": "208000000",
      "nonInterestIncome": "None",
      "otherNonOperatingIncome": "419000000",
      "depreciation": "None",
      "depreciationAndAmortization": "704000000",
      "incomeBeforeTax": "1259000000",
      "incomeTaxExpense": "270000000",
      "interestAndDebtExpense": "None",
      "netIncomeFromContinuingOperations": "989000000",
      "comprehensiveIncomeNetOfTax": "None",
      "ebit": "1137000000",
      "ebitda": "1841000000",
      "netIncome": "989000000"
    },
    {
      "fiscalDateEnding": "2013-12-31",
      "reportedCurrency": "USD",
      "grossProfit": "3674000000",
      "totalRevenue": "37036000000",
      "costOfRevenue": "33362000000",
      "costofGoodsAndServicesSold": "33362000000",
      "operatingIncome": "525000000",
      "sellingGeneralAndAdministrative": "3080000000",
      "researchAndDevelopment": "6400000000",
      "operatingExpenses": "3149000000",
      "investmentIncomeNet": "None",
      "netInterestIncome": "None",
      "interestIncome": "None",
      "interestExpense": "212000000",
      "nonInterestIncome": "None",
      "otherNonOperatingIncome": "289000000",
      "depreciation": "None",
      "depreciationAndAmortization": "579000000",
      "incomeBeforeTax": "968000000",
      "incomeTaxExpense": "-2061000000",
      "interestAndDebtExpense": "None",
      "netIncomeFromContinuingOperations": "3029000000",
      "comprehensiveIncomeNetOfTax": "None",
      "ebit": "-54000000",
      "ebitda": "525000000",
      "netIncome": "3039000000"
    },
    {
      "fiscalDateEnding": "2013-09-30",
      "reportedCurrency": "USD",
      "grossProfit": "5184000000",
      "totalRevenue": "35976000000",
      "costOfRevenue": "30792000000",
      "costofGoodsAndServicesSold": "30792000000",
      "operatingIncome": "1702000000",
      "sellingGeneralAndAdministrative": "3436000000",
      "researchAndDevelopment": "0",
      "operatingExpenses": "3482000000",
      "investmentIncomeNet": "None",
      "netInterestIncome": "None",
      "interestIncome": "None",
      "interestExpense": "204000000",
      "nonInterestIncome": "None",
      "otherNonOperatingIncome": "293000000",
      "depreciation": "None",
      "depreciationAndAmortization": "493000000",
      "incomeBeforeTax": "2091000000",
      "incomeTaxExpense": "818000000",
      "interestAndDebtExpense": "None",
      "netIncomeFromContinuingOperations": "1273000000",
      "comprehensiveIncomeNetOfTax": "None",
      "ebit": "2315000000",
      "ebitda": "2808000000",
      "netIncome": "1272000000"
    },
    {
      "fiscalDateEnding": "2013-06-30",
      "reportedCurrency": "USD",
      "grossProfit": "4866000000",
      "totalRevenue": "38095000000",
      "costOfRevenue": "33229000000",
      "costofGoodsAndServicesSold": "33229000000",
      "operatingIncome": "1438000000",
      "sellingGeneralAndAdministrative": "3375000000",
      "researchAndDevelopment": "0",
      "operatingExpenses": "3428000000",
      "investmentIncomeNet": "None",
      "netInterestIncome": "None",
      "interestIncome": "None",
      "interestExpense": "207000000",
      "nonInterestIncome": "None",
      "otherNonOperatingIncome": "273000000",
      "depreciation": "None",
      "depreciationAndAmortization": "561000000",
      "incomeBeforeTax": "1819000000",
      "incomeTaxExpense": "585000000",
      "interestAndDebtExpense": "None",
      "netIncomeFromContinuingOperations": "1234000000",
      "comprehensiveIncomeNetOfTax": "None",
      "ebit": "2057000000",
      "ebitda": "2618000000",
      "netIncome": "1233000000"
    },
    {
      "fiscalDateEnding": "2013-03-31",
      "reportedCurrency": "USD",
      "grossProfit": "5099000000",
      "totalRevenue": "35810000000",
      "costOfRevenue": "30711000000",
      "costofGoodsAndServicesSold": "30711000000",
      "operatingIncome": "1774000000",
      "sellingGeneralAndAdministrative": "3285000000",
      "researchAndDevelopment": "0",
      "operatingExpenses": "3325000000",
      "investmentIncomeNet": "None",
      "netInterestIncome": "None",
      "interestIncome": "None",
      "interestExpense": "206000000",
      "nonInterestIncome": "None",
      "otherNonOperatingIncome": "214000000",
      "depreciation": "None",
      "depreciationAndAmortization": "468000000",
      "incomeBeforeTax": "2123000000",
      "incomeTaxExpense": "511000000",
      "interestAndDebtExpense": "None",
      "netIncomeFromContinuingOperations": "1612000000",
      "comprehensiveIncomeNetOfTax": "None",
      "ebit": "2407000000",
      "ebitda": "2875000000",
      "netIncome": "1611000000"
    },
    {
      "fiscalDateEnding": "2012-12-31",
      "reportedCurrency": "USD",
      "grossProfit": "1897000000",
      "totalRevenue": "36424000000",
      "costOfRevenue": "34527000000",
      "costofGoodsAndServicesSold": "34527000000",
      "operatingIncome": "-1597000000",
      "sellingGeneralAndAdministrative": "3408000000",
      "researchAndDevelopment": "5500000000",
      "operatingExpenses": "3494000000",
      "investmentIncomeNet": "None",
      "netInterestIncome": "None",
      "interestIncome": "None",
      "interestExpense": "90000000",
      "nonInterestIncome": "None",
      "otherNonOperatingIncome": "263000000",
      "depreciation": "None",
      "depreciationAndAmortization": "765000000",
      "incomeBeforeTax": "1841000000",
      "incomeTaxExpense": "246000000",
      "interestAndDebtExpense": "None",
      "netIncomeFromContinuingOperations": "1595000000",
      "comprehensiveIncomeNetOfTax": "None",
      "ebit": "-1597000000",
      "ebitda": "-832000000",
      "netIncome": "1598000000"
    },
    {
      "fiscalDateEnding": "2012-09-30",
      "reportedCurrency": "USD",
      "grossProfit": "5629000000",
      "totalRevenue": "32172000000",
      "costOfRevenue": "26543000000",
      "costofGoodsAndServicesSold": "26543000000",
      "operatingIncome": "2720000000",
      "sellingGeneralAndAdministrative": "2909000000",
      "researchAndDevelopment": "0",
      "operatingExpenses": "2909000000",
      "investmentIncomeNet": "None",
      "netInterestIncome": "None",
      "interestIncome": "None",
      "interestExpense": "130000000",
      "nonInterestIncome": "None",
      "otherNonOperatingIncome": "129000000",
      "depreciation": "None",
      "depreciationAndAmortization": "214000000",
      "incomeBeforeTax": "2246000000",
      "incomeTaxExpense": "613000000",
      "interestAndDebtExpense": "None",
      "netIncomeFromContinuingOperations": "1633000000",
      "comprehensiveIncomeNetOfTax": "None",
      "ebit": "2479000000",
      "ebitda": "2693000000",
      "netIncome": "1631000000"
    },
    {
      "fiscalDateEnding": "2012-06-30",
      "reportedCurrency": "USD",
      "grossProfit": "5442000000",
      "totalRevenue": "33211000000",
      "costOfRevenue": "27769000000",
      "costofGoodsAndServicesSold": "27769000000",
      "operatingIncome": "2483000000",
      "sellingGeneralAndAdministrative": "2979000000",
      "researchAndDevelopment": "0",
      "operatingExpenses": "2959000000",
      "investmentIncomeNet": "None",
      "netInterestIncome": "None",
      "interestIncome": "None",
      "interestExpense": "986000000",
      "nonInterestIncome": "None",
      "otherNonOperatingIncome": "101000000",
      "depreciation": "None",
      "depreciationAndAmortization": "248000000",
      "incomeBeforeTax": "1595000000",
      "incomeTaxExpense": "557000000",
      "interestAndDebtExpense": "None",
      "netIncomeFromContinuingOperations": "1038000000",
      "comprehensiveIncomeNetOfTax": "None",
      "ebit": "1535000000",
      "ebitda": "1783000000",
      "netIncome": "1040000000"
    },
    {
      "fiscalDateEnding": "2012-03-31",
      "reportedCurrency": "USD",
      "grossProfit": "5591000000",
      "totalRevenue": "32445000000",
      "costOfRevenue": "26854000000",
      "costofGoodsAndServicesSold": "26854000000",
      "operatingIncome": "2705000000",
      "sellingGeneralAndAdministrative": "2886000000",
      "researchAndDevelopment": "0",
      "operatingExpenses": "2886000000",
      "investmentIncomeNet": "None",
      "netInterestIncome": "None",
      "interestIncome": "None",
      "interestExpense": "1011000000",
      "nonInterestIncome": "None",
      "otherNonOperatingIncome": "95000000",
      "depreciation": "None",
      "depreciationAndAmortization": "198000000",
      "incomeBeforeTax": "2038000000",
      "incomeTaxExpense": "640000000",
      "interestAndDebtExpense": "None",
      "netIncomeFromContinuingOperations": "1398000000",
      "comprehensiveIncomeNetOfTax": "None",
      "ebit": "2025000000",
      "ebitda": "2223000000",
      "netIncome": "1396000000"
    },
    {
      "fiscalDateEnding": "2011-12-31",
      "reportedCurrency": "USD",
      "grossProfit": "4877000000",
      "totalRevenue": "34576000000",
      "costOfRevenue": "29699000000",
      "costofGoodsAndServicesSold": "29699000000",
      "operatingIncome": "1773000000",
      "sellingGeneralAndAdministrative": "3076000000",
      "researchAndDevelopment": "5300000000",
      "operatingExpenses": "3104000000",
      "investmentIncomeNet": "None",
      "netInterestIncome": "None",
      "interestIncome": "None",
      "interestExpense": "1034000000",
      "nonInterestIncome": "None",
      "otherNonOperatingIncome": "94000000",
      "depreciation": "None",
      "depreciationAndAmortization": "-40000000",
      "incomeBeforeTax": "1453000000",
      "incomeTaxExpense": "-12161000000",
      "interestAndDebtExpense": "None",
      "netIncomeFromContinuingOperations": "13614000000",
      "comprehensiveIncomeNetOfTax": "None",
      "ebit": "1773000000",
      "ebitda": "1733000000",
      "netIncome": "13615000000"
    },
    {
      "fiscalDateEnding": "2011-09-30",
      "reportedCurrency": "USD",
      "grossProfit": "5430000000",
      "totalRevenue": "33047000000",
      "costOfRevenue": "27617000000",
      "costofGoodsAndServicesSold": "27617000000",
      "operatingIncome": "2564000000",
      "sellingGeneralAndAdministrative": "2861000000",
      "researchAndDevelopment": "0",
      "operatingExpenses": "2866000000",
      "investmentIncomeNet": "None",
      "netInterestIncome": "None",
      "interestIncome": "None",
      "interestExpense": "1096000000",
      "nonInterestIncome": "None",
      "otherNonOperatingIncome": "104000000",
      "depreciation": "None",
      "depreciationAndAmortization": "381000000",
      "incomeBeforeTax": "1846000000",
      "incomeTaxExpense": "194000000",
      "interestAndDebtExpense": "None",
      "netIncomeFromContinuingOperations": "1652000000",
      "comprehensiveIncomeNetOfTax": "None",
      "ebit": "2561000000",
      "ebitda": "2942000000",
      "netIncome": "1649000000"
    },
    {
      "fiscalDateEnding": "2011-06-30",
      "reportedCurrency": "USD",
      "grossProfit": "6274000000",
      "totalRevenue": "35527000000",
      "costOfRevenue": "29253000000",
      "costofGoodsAndServicesSold": "29253000000",
      "operatingIncome": "3346000000",
      "sellingGeneralAndAdministrative": "2907000000",
      "researchAndDevelopment": "0",
      "operatingExpenses": "2928000000",
      "investmentIncomeNet": "None",
      "netInterestIncome": "None",
      "interestIncome": "None",
      "interestExpense": "1127000000",
      "nonInterestIncome": "None",
      "otherNonOperatingIncome": "135000000",
      "depreciation": "None",
      "depreciationAndAmortization": "293000000",
      "incomeBeforeTax": "2606000000",
      "incomeTaxExpense": "206000000",
      "interestAndDebtExpense": "None",
      "netIncomeFromContinuingOperations": "2400000000",
      "comprehensiveIncomeNetOfTax": "None",
      "ebit": "3440000000",
      "ebitda": "3733000000",
      "netIncome": "2398000000"
    },
    {
      "fiscalDateEnding": "2011-03-31",
      "reportedCurrency": "USD",
      "grossProfit": "6338000000",
      "totalRevenue": "33114000000",
      "costOfRevenue": "26776000000",
      "costofGoodsAndServicesSold": "26776000000",
      "operatingIncome": "3604000000",
      "sellingGeneralAndAdministrative": "2734000000",
      "researchAndDevelopment": "0",
      "operatingExpenses": "2734000000",
      "investmentIncomeNet": "None",
      "netInterestIncome": "None",
      "interestIncome": "None",
      "interestExpense": "1174000000",
      "nonInterestIncome": "None",
      "otherNonOperatingIncome": "167000000",
      "depreciation": "None",
      "depreciationAndAmortization": "330000000",
      "incomeBeforeTax": "2776000000",
      "incomeTaxExpense": "220000000",
      "interestAndDebtExpense": "None",
      "netIncomeFromContinuingOperations": "2556000000",
      "comprehensiveIncomeNetOfTax": "None",
      "ebit": "3620000000",
      "ebitda": "3950000000",
      "netIncome": "2551000000"
    },
    {
      "fiscalDateEnding": "2010-12-31",
      "reportedCurrency": "USD",
      "grossProfit": "5177000000",
      "totalRevenue": "32428000000",
      "costOfRevenue": "27251000000",
      "costofGoodsAndServicesSold": "27251000000",
      "operatingIncome": "2148000000",
      "sellingGeneralAndAdministrative": "3029000000",
      "researchAndDevelopment": "5000000000",
      "operatingExpenses": "3029000000",
      "investmentIncomeNet": "None",
      "netInterestIncome": "None",
      "interestIncome": "None",
      "interestExpense": "1554000000",
      "nonInterestIncome": "None",
      "otherNonOperatingIncome": "154000000",
      "depreciation": "None",
      "depreciationAndAmortization": "201000000",
      "incomeBeforeTax": "280000000",
      "incomeTaxExpense": "92000000",
      "interestAndDebtExpense": "None",
      "netIncomeFromContinuingOperations": "188000000",
      "comprehensiveIncomeNetOfTax": "None",
      "ebit": "1633000000",
      "ebitda": "1834000000",
      "netIncome": "190000000"
    },
    {
      "fiscalDateEnding": "2010-09-30",
      "reportedCurrency": "USD",
      "grossProfit": "5660000000",
      "totalRevenue": "29893000000",
      "costOfRevenue": "24233000000",
      "costofGoodsAndServicesSold": "24233000000",
      "operatingIncome": "3006000000",
      "sellingGeneralAndAdministrative": "2654000000",
      "researchAndDevelopment": "0",
      "operatingExpenses": "2654000000",
      "investmentIncomeNet": "None",
      "netInterestIncome": "None",
      "interestIncome": "None",
      "interestExpense": "1433000000",
      "nonInterestIncome": "None",
      "otherNonOperatingIncome": "118000000",
      "depreciation": "None",
      "depreciationAndAmortization": "226000000",
      "incomeBeforeTax": "1887000000",
      "incomeTaxExpense": "199000000",
      "interestAndDebtExpense": "None",
      "netIncomeFromContinuingOperations": "1688000000",
      "comprehensiveIncomeNetOfTax": "None",
      "ebit": "3130000000",
      "ebitda": "3356000000",
      "netIncome": "1687000000"
    },
    {
      "fiscalDateEnding": "2010-06-30",
      "reportedCurrency": "USD",
      "grossProfit": "7239000000",
      "totalRevenue": "35067000000",
      "costOfRevenue": "27828000000",
      "costofGoodsAndServicesSold": "27828000000",
      "operatingIncome": "4233000000",
      "sellingGeneralAndAdministrative": "3137000000",
      "researchAndDevelopment": "0",
      "operatingExpenses": "3006000000",
      "investmentIncomeNet": "None",
      "netInterestIncome": "None",
      "interestIncome": "None",
      "interestExpense": "1636000000",
      "nonInterestIncome": "None",
      "otherNonOperatingIncome": "124000000",
      "depreciation": "None",
      "depreciationAndAmortization": "251000000",
      "incomeBeforeTax": "2847000000",
      "incomeTaxExpense": "251000000",
      "interestAndDebtExpense": "None",
      "netIncomeFromContinuingOperations": "2596000000",
      "comprehensiveIncomeNetOfTax": "None",
      "ebit": "4232000000",
      "ebitda": "4483000000",
      "netIncome": "2599000000"
    },
    {
      "fiscalDateEnding": "2010-03-31",
      "reportedCurrency": "USD",
      "grossProfit": "6427000000",
      "totalRevenue": "31566000000",
      "costOfRevenue": "25139000000",
      "costofGoodsAndServicesSold": "25139000000",
      "operatingIncome": "3379000000",
      "sellingGeneralAndAdministrative": "3089000000",
      "researchAndDevelopment": "0",
      "operatingExpenses": "3048000000",
      "investmentIncomeNet": "None",
      "netInterestIncome": "None",
      "interestIncome": "None",
      "interestExpense": "1701000000",
      "nonInterestIncome": "None",
      "otherNonOperatingIncome": "142000000",
      "depreciation": "None",
      "depreciationAndAmortization": "315000000",
      "incomeBeforeTax": "2135000000",
      "incomeTaxExpense": "50000000",
      "interestAndDebtExpense": "None",
      "netIncomeFromContinuingOperations": "2085000000",
      "comprehensiveIncomeNetOfTax": "None",
      "ebit": "3521000000",
      "ebitda": "3836000000",
      "netIncome": "2085000000"
    },
    {
      "fiscalDateEnding": "2009-12-31",
      "reportedCurrency": "USD",
      "grossProfit": "5717000000",
      "totalRevenue": "35449000000",
      "costOfRevenue": "29732000000",
      "costofGoodsAndServicesSold": "29732000000",
      "operatingIncome": "2427000000",
      "sellingGeneralAndAdministrative": "3290000000",
      "researchAndDevelopment": "4700000000",
      "operatingExpenses": "3290000000",
      "investmentIncomeNet": "None",
      "netInterestIncome": "None",
      "interestIncome": "None",
      "interestExpense": "637000000",
      "nonInterestIncome": "None",
      "otherNonOperatingIncome": "None",
      "depreciation": "None",
      "depreciationAndAmortization": "5446000000",
      "incomeBeforeTax": "1060000000",
      "incomeTaxExpense": "109000000",
      "interestAndDebtExpense": "None",
      "netIncomeFromContinuingOperations": "0",
      "comprehensiveIncomeNetOfTax": "None",
      "ebit": "-3749000000",
      "ebitda": "1697000000",
      "netIncome": "886000000"
    },
    {
      "fiscalDateEnding": "2009-09-30",
      "reportedCurrency": "USD",
      "grossProfit": "5716000000",
      "totalRevenue": "30892000000",
      "costOfRevenue": "25176000000",
      "costofGoodsAndServicesSold": "25176000000",
      "operatingIncome": "2640000000",
      "sellingGeneralAndAdministrative": "3076000000",
      "researchAndDevelopment": "0",
      "operatingExpenses": "3076000000",
      "investmentIncomeNet": "None",
      "netInterestIncome": "None",
      "interestIncome": "None",
      "interestExpense": "1748000000",
      "nonInterestIncome": "None",
      "otherNonOperatingIncome": "41000000",
      "depreciation": "None",
      "depreciationAndAmortization": "172000000",
      "incomeBeforeTax": "1215000000",
      "incomeTaxExpense": "139000000",
      "interestAndDebtExpense": "None",
      "netIncomeFromContinuingOperations": "1076000000",
      "comprehensiveIncomeNetOfTax": "None",
      "ebit": "2678000000",
      "ebitda": "2850000000",
      "netIncome": "997000000"
    },
    {
      "fiscalDateEnding": "2009-06-30",
      "reportedCurrency": "USD",
      "grossProfit": "3743000000",
      "totalRevenue": "27189000000",
      "costOfRevenue": "23446000000",
      "costofGoodsAndServicesSold": "23446000000",
      "operatingIncome": "159000000",
      "sellingGeneralAndAdministrative": "3165000000",
      "researchAndDevelopment": "0",
      "operatingExpenses": "3584000000",
      "investmentIncomeNet": "None",
      "netInterestIncome": "None",
      "interestIncome": "None",
      "interestExpense": "1686000000",
      "nonInterestIncome": "None",
      "otherNonOperatingIncome": "None",
      "depreciation": "None",
      "depreciationAndAmortization": "246000000",
      "incomeBeforeTax": "2371000000",
      "incomeTaxExpense": "25000000",
      "interestAndDebtExpense": "None",
      "netIncomeFromContinuingOperations": "0",
      "comprehensiveIncomeNetOfTax": "None",
      "ebit": "2100000000",
      "ebitda": "2346000000",
      "netIncome": "2261000000"
    },
    {
      "fiscalDateEnding": "2009-03-31",
      "reportedCurrency": "USD",
      "grossProfit": "3116000000",
      "totalRevenue": "24778000000",
      "costOfRevenue": "21662000000",
      "costofGoodsAndServicesSold": "21662000000",
      "operatingIncome": "-1013000000",
      "sellingGeneralAndAdministrative": "3727000000",
      "researchAndDevelopment": "0",
      "operatingExpenses": "4129000000",
      "investmentIncomeNet": "None",
      "netInterestIncome": "None",
      "interestIncome": "None",
      "interestExpense": "1936000000",
      "nonInterestIncome": "None",
      "otherNonOperatingIncome": "None",
      "depreciation": "None",
      "depreciationAndAmortization": "-14000000",
      "incomeBeforeTax": "-1620000000",
      "incomeTaxExpense": "-204000000",
      "interestAndDebtExpense": "None",
      "netIncomeFromContinuingOperations": "0",
      "comprehensiveIncomeNetOfTax": "None",
      "ebit": "-1013000000",
      "ebitda": "-1027000000",
      "netIncome": "-1427000000"
    },
    {
      "fiscalDateEnding": "2008-12-31",
      "reportedCurrency": "USD",
      "grossProfit": "2539000000",
      "totalRevenue": "29192000000",
      "costOfRevenue": "26653000000",
      "costofGoodsAndServicesSold": "26653000000",
      "operatingIncome": "-1917000000",
      "sellingGeneralAndAdministrative": "4456000000",
      "researchAndDevelopment": "7300000000",
      "operatingExpenses": "4456000000",
      "investmentIncomeNet": "None",
      "netInterestIncome": "None",
      "interestIncome": "None",
      "interestExpense": "2754000000",
      "nonInterestIncome": "None",
      "otherNonOperatingIncome": "None",
      "depreciation": "None",
      "depreciationAndAmortization": "54000000",
      "incomeBeforeTax": "-5150000000",
      "incomeTaxExpense": "874000000",
      "interestAndDebtExpense": "None",
      "netIncomeFromContinuingOperations": "0",
      "comprehensiveIncomeNetOfTax": "None",
      "ebit": "-1917000000",
      "ebitda": "-1863000000",
      "netIncome": "-5976000000"
    },
    {
      "fiscalDateEnding": "2008-09-30",
      "reportedCurrency": "USD",
      "grossProfit": "7046000000",
      "totalRevenue": "32045000000",
      "costOfRevenue": "24999000000",
      "costofGoodsAndServicesSold": "24999000000",
      "operatingIncome": "2472000000",
      "sellingGeneralAndAdministrative": "4574000000",
      "researchAndDevelopment": "0",
      "operatingExpenses": "4574000000",
      "investmentIncomeNet": "None",
      "netInterestIncome": "None",
      "interestIncome": "None",
      "interestExpense": "2626000000",
      "nonInterestIncome": "None",
      "otherNonOperatingIncome": "None",
      "depreciation": "None",
      "depreciationAndAmortization": "13000000",
      "incomeBeforeTax": "-540000000",
      "incomeTaxExpense": "-462000000",
      "interestAndDebtExpense": "None",
      "netIncomeFromContinuingOperations": "0",
      "comprehensiveIncomeNetOfTax": "None",
      "ebit": "2226000000",
      "ebitda": "2239000000",
      "netIncome": "-129000000"
    },
    {
      "fiscalDateEnding": "2008-06-30",
      "reportedCurrency": "USD",
      "grossProfit": "1517000000",
      "totalRevenue": "41512000000",
      "costOfRevenue": "39995000000",
      "costofGoodsAndServicesSold": "39995000000",
      "operatingIncome": "-5788000000",
      "sellingGeneralAndAdministrative": "7305000000",
      "researchAndDevelopment": "0",
      "operatingExpenses": "7305000000",
      "investmentIncomeNet": "None",
      "netInterestIncome": "None",
      "interestIncome": "None",
      "interestExpense": "2412000000",
      "nonInterestIncome": "None",
      "otherNonOperatingIncome": "None",
      "depreciation": "None",
      "depreciationAndAmortization": "598000000",
      "incomeBeforeTax": "-9030000000",
      "incomeTaxExpense": "-444000000",
      "interestAndDebtExpense": "None",
      "netIncomeFromContinuingOperations": "0",
      "comprehensiveIncomeNetOfTax": "None",
      "ebit": "-7215000000",
      "ebitda": "-6617000000",
      "netIncome": "-8667000000"
    },
    {
      "fiscalDateEnding": "2008-03-31",
      "reportedCurrency": "USD",
      "grossProfit": "7715000000",
      "totalRevenue": "43513000000",
      "costOfRevenue": "35798000000",
      "costofGoodsAndServicesSold": "35798000000",
      "operatingIncome": "2634000000",
      "sellingGeneralAndAdministrative": "5081000000",
      "researchAndDevelopment": "0",
      "operatingExpenses": "5081000000",
      "investmentIncomeNet": "None",
      "netInterestIncome": "None",
      "interestIncome": "None",
      "interestExpense": "2542000000",
      "nonInterestIncome": "None",
      "otherNonOperatingIncome": "None",
      "depreciation": "None",
      "depreciationAndAmortization": "None",
      "incomeBeforeTax": "320000000",
      "incomeTaxExpense": "97000000",
      "interestAndDebtExpense": "None",
      "netIncomeFromContinuingOperations": "0",
      "comprehensiveIncomeNetOfTax": "None",
      "ebit": "320000000",
      "ebitda": "2861000000",
      "netIncome": "100000000"
    },
    {
      "fiscalDateEnding": "2007-12-31",
      "reportedCurrency": "USD",
      "grossProfit": "5664000000",
      "totalRevenue": "44116000000",
      "costOfRevenue": "38452000000",
      "costofGoodsAndServicesSold": "38452000000",
      "operatingIncome": "323000000",
      "sellingGeneralAndAdministrative": "5341000000",
      "researchAndDevelopment": "7500000000",
      "operatingExpenses": "5341000000",
      "investmentIncomeNet": "None",
      "netInterestIncome": "None",
      "interestIncome": "None",
      "interestExpense": "2717000000",
      "nonInterestIncome": "None",
      "otherNonOperatingIncome": "None",
      "depreciation": "None",
      "depreciationAndAmortization": "616000000",
      "incomeBeforeTax": "-4472000000",
      "incomeTaxExpense": "-1761000000",
      "interestAndDebtExpense": "None",
      "netIncomeFromContinuingOperations": "0",
      "comprehensiveIncomeNetOfTax": "None",
      "ebit": "323000000",
      "ebitda": "939000000",
      "netIncome": "-2811000000"
    },
    {
      "fiscalDateEnding": "2007-09-30",
      "reportedCurrency": "USD",
      "grossProfit": "7840000000",
      "totalRevenue": "41078000000",
      "costOfRevenue": "33238000000",
      "costofGoodsAndServicesSold": "33238000000",
      "operatingIncome": "2936000000",
      "sellingGeneralAndAdministrative": "4904000000",
      "researchAndDevelopment": "0",
      "operatingExpenses": "4904000000",
      "investmentIncomeNet": "None",
      "netInterestIncome": "None",
      "interestIncome": "None",
      "interestExpense": "2949000000",
      "nonInterestIncome": "None",
      "otherNonOperatingIncome": "None",
      "depreciation": "None",
      "depreciationAndAmortization": "51000000",
      "incomeBeforeTax": "-156000000",
      "incomeTaxExpense": "162000000",
      "interestAndDebtExpense": "None",
      "netIncomeFromContinuingOperations": "0",
      "comprehensiveIncomeNetOfTax": "None",
      "ebit": "2742000000",
      "ebitda": "2793000000",
      "netIncome": "-380000000"
    },
    {
      "fiscalDateEnding": "2007-06-30",
      "reportedCurrency": "USD",
      "grossProfit": "7939000000",
      "totalRevenue": "44242000000",
      "costOfRevenue": "36303000000",
      "costofGoodsAndServicesSold": "36303000000",
      "operatingIncome": "2987000000",
      "sellingGeneralAndAdministrative": "4952000000",
      "researchAndDevelopment": "0",
      "operatingExpenses": "4952000000",
      "investmentIncomeNet": "None",
      "netInterestIncome": "None",
      "interestIncome": "None",
      "interestExpense": "2759000000",
      "nonInterestIncome": "None",
      "otherNonOperatingIncome": "None",
      "depreciation": "None",
      "depreciationAndAmortization": "None",
      "incomeBeforeTax": "926000000",
      "incomeTaxExpense": "123000000",
      "interestAndDebtExpense": "None",
      "netIncomeFromContinuingOperations": "0",
      "comprehensiveIncomeNetOfTax": "None",
      "ebit": "926000000",
      "ebitda": "2987000000",
      "netIncome": "750000000"
    },
    {
      "fiscalDateEnding": "2007-03-31",
      "reportedCurrency": "USD",
      "grossProfit": "8245000000",
      "totalRevenue": "43019000000",
      "costOfRevenue": "34774000000",
      "costofGoodsAndServicesSold": "34774000000",
      "operatingIncome": "2273000000",
      "sellingGeneralAndAdministrative": "5972000000",
      "researchAndDevelopment": "0",
      "operatingExpenses": "5972000000",
      "investmentIncomeNet": "None",
      "netInterestIncome": "None",
      "interestIncome": "None",
      "interestExpense": "2718000000",
      "nonInterestIncome": "None",
      "otherNonOperatingIncome": "None",
      "depreciation": "None",
      "depreciationAndAmortization": "None",
      "incomeBeforeTax": "-44000000",
      "incomeTaxExpense": "182000000",
      "interestAndDebtExpense": "None",
      "netIncomeFromContinuingOperations": "0",
      "comprehensiveIncomeNetOfTax": "None",
      "ebit": "-44000000",
      "ebitda": "2273000000",
      "netIncome": "-282000000"
    },
    {
      "fiscalDateEnding": "2006-12-31",
      "reportedCurrency": "USD",
      "grossProfit": "1789000000",
      "totalRevenue": "40318000000",
      "costOfRevenue": "38529000000",
      "costofGoodsAndServicesSold": "38529000000",
      "operatingIncome": "-3468000000",
      "sellingGeneralAndAdministrative": "5257000000",
      "researchAndDevelopment": "7200000000",
      "operatingExpenses": "5257000000",
      "investmentIncomeNet": "None",
      "netInterestIncome": "None",
      "interestIncome": "None",
      "interestExpense": "2453000000",
      "nonInterestIncome": "None",
      "otherNonOperatingIncome": "None",
      "depreciation": "None",
      "depreciationAndAmortization": "None",
      "incomeBeforeTax": "-5688000000",
      "incomeTaxExpense": "-147000000",
      "interestAndDebtExpense": "None",
      "netIncomeFromContinuingOperations": "0",
      "comprehensiveIncomeNetOfTax": "None",
      "ebit": "-5688000000",
      "ebitda": "-3468000000",
      "netIncome": "-5625000000"
    },
    {
      "fiscalDateEnding": "2006-09-30",
      "reportedCurrency": "USD",
      "grossProfit": "-444000000",
      "totalRevenue": "37110000000",
      "costOfRevenue": "37554000000",
      "costofGoodsAndServicesSold": "37554000000",
      "operatingIncome": "-5037000000",
      "sellingGeneralAndAdministrative": "4593000000",
      "researchAndDevelopment": "0",
      "operatingExpenses": "4593000000",
      "investmentIncomeNet": "None",
      "netInterestIncome": "None",
      "interestIncome": "None",
      "interestExpense": "1936000000",
      "nonInterestIncome": "None",
      "otherNonOperatingIncome": "None",
      "depreciation": "None",
      "depreciationAndAmortization": "None",
      "incomeBeforeTax": "-6357000000",
      "incomeTaxExpense": "-1157000000",
      "interestAndDebtExpense": "None",
      "netIncomeFromContinuingOperations": "0",
      "comprehensiveIncomeNetOfTax": "None",
      "ebit": "-6357000000",
      "ebitda": "-5037000000",
      "netIncome": "-5248000000"
    },
    {
      "fiscalDateEnding": "2006-06-30",
      "reportedCurrency": "USD",
      "grossProfit": "5798000000",
      "totalRevenue": "41965000000",
      "costOfRevenue": "36167000000",
      "costofGoodsAndServicesSold": "36167000000",
      "operatingIncome": "1106000000",
      "sellingGeneralAndAdministrative": "4692000000",
      "researchAndDevelopment": "0",
      "operatingExpenses": "4692000000",
      "investmentIncomeNet": "None",
      "netInterestIncome": "None",
      "interestIncome": "None",
      "interestExpense": "2258000000",
      "nonInterestIncome": "None",
      "otherNonOperatingIncome": "None",
      "depreciation": "None",
      "depreciationAndAmortization": "None",
      "incomeBeforeTax": "-557000000",
      "incomeTaxExpense": "-320000000",
      "interestAndDebtExpense": "None",
      "netIncomeFromContinuingOperations": "0",
      "comprehensiveIncomeNetOfTax": "None",
      "ebit": "-557000000",
      "ebitda": "1106000000",
      "netIncome": "-254000000"
    },
    {
      "fiscalDateEnding": "2006-03-31",
      "reportedCurrency": "USD",
      "grossProfit": "2708000000",
      "totalRevenue": "41055000000",
      "costOfRevenue": "38347000000",
      "costofGoodsAndServicesSold": "38347000000",
      "operatingIncome": "-1919000000",
      "sellingGeneralAndAdministrative": "4627000000",
      "researchAndDevelopment": "0",
      "operatingExpenses": "4627000000",
      "investmentIncomeNet": "None",
      "netInterestIncome": "None",
      "interestIncome": "None",
      "interestExpense": "2135000000",
      "nonInterestIncome": "None",
      "otherNonOperatingIncome": "None",
      "depreciation": "None",
      "depreciationAndAmortization": "None",
      "incomeBeforeTax": "-1971000000",
      "incomeTaxExpense": "-843000000",
      "interestAndDebtExpense": "None",
      "netIncomeFromContinuingOperations": "0",
      "comprehensiveIncomeNetOfTax": "None",
      "ebit": "-1971000000",
      "ebitda": "-1919000000",
      "netIncome": "-1187000000"
    },
    {
      "fiscalDateEnding": "2005-12-31",
      "reportedCurrency": "USD",
      "grossProfit": "7408000000",
      "totalRevenue": "46549000000",
      "costOfRevenue": "39141000000",
      "costofGoodsAndServicesSold": "39141000000",
      "operatingIncome": "1306000000",
      "sellingGeneralAndAdministrative": "6102000000",
      "researchAndDevelopment": "8000000000",
      "operatingExpenses": "6102000000",
      "investmentIncomeNet": "None",
      "netInterestIncome": "None",
      "interestIncome": "None",
      "interestExpense": "7643000000",
      "nonInterestIncome": "None",
      "otherNonOperatingIncome": "None",
      "depreciation": "None",
      "depreciationAndAmortization": "None",
      "incomeBeforeTax": "98000000",
      "incomeTaxExpense": "-385000000",
      "interestAndDebtExpense": "None",
      "netIncomeFromContinuingOperations": "0",
      "comprehensiveIncomeNetOfTax": "None",
      "ebit": "98000000",
      "ebitda": "1306000000",
      "netIncome": "150000000"
    },
    {
      "fiscalDateEnding": "2005-09-30",
      "reportedCurrency": "USD",
      "grossProfit": "7324000000",
      "totalRevenue": "40856000000",
      "costOfRevenue": "33532000000",
      "costofGoodsAndServicesSold": "33532000000",
      "operatingIncome": "1159000000",
      "sellingGeneralAndAdministrative": "6165000000",
      "researchAndDevelopment": "0",
      "operatingExpenses": "6165000000",
      "investmentIncomeNet": "None",
      "netInterestIncome": "None",
      "interestIncome": "None",
      "interestExpense": "2157000000",
      "nonInterestIncome": "None",
      "otherNonOperatingIncome": "None",
      "depreciation": "None",
      "depreciationAndAmortization": "None",
      "incomeBeforeTax": "-377000000",
      "incomeTaxExpense": "-140000000",
      "interestAndDebtExpense": "None",
      "netIncomeFromContinuingOperations": "0",
      "comprehensiveIncomeNetOfTax": "None",
      "ebit": "-377000000",
      "ebitda": "1159000000",
      "netIncome": "-284000000"
    },
    {
      "fiscalDateEnding": "2005-06-30",
      "reportedCurrency": "USD",
      "grossProfit": "7835000000",
      "totalRevenue": "44548000000",
      "costOfRevenue": "36713000000",
      "costofGoodsAndServicesSold": "36713000000",
      "operatingIncome": "1725000000",
      "sellingGeneralAndAdministrative": "6110000000",
      "researchAndDevelopment": "0",
      "operatingExpenses": "6110000000",
      "investmentIncomeNet": "None",
      "netInterestIncome": "None",
      "interestIncome": "None",
      "interestExpense": "1919000000",
      "nonInterestIncome": "None",
      "otherNonOperatingIncome": "None",
      "depreciation": "None",
      "depreciationAndAmortization": "None",
      "incomeBeforeTax": "726000000",
      "incomeTaxExpense": "-301000000",
      "interestAndDebtExpense": "None",
      "netIncomeFromContinuingOperations": "0",
      "comprehensiveIncomeNetOfTax": "None",
      "ebit": "726000000",
      "ebitda": "1725000000",
      "netIncome": "946000000"
    },
    {
      "fiscalDateEnding": "2005-03-31",
      "reportedCurrency": "USD",
      "grossProfit": "9583000000",
      "totalRevenue": "45136000000",
      "costOfRevenue": "35553000000",
      "costofGoodsAndServicesSold": "35553000000",
      "operatingIncome": "3303000000",
      "sellingGeneralAndAdministrative": "6280000000",
      "researchAndDevelopment": "0",
      "operatingExpenses": "6280000000",
      "investmentIncomeNet": "None",
      "netInterestIncome": "None",
      "interestIncome": "None",
      "interestExpense": "2211000000",
      "nonInterestIncome": "None",
      "otherNonOperatingIncome": "None",
      "depreciation": "None",
      "depreciationAndAmortization": "None",
      "incomeBeforeTax": "1549000000",
      "incomeTaxExpense": "314000000",
      "interestAndDebtExpense": "None",
      "netIncomeFromContinuingOperations": "0",
      "comprehensiveIncomeNetOfTax": "None",
      "ebit": "1549000000",
      "ebitda": "3303000000",
      "netIncome": "1212000000"
    }
  ]
}