{
  "symbol": "GM",
  "annualReports": [
    {
      "fiscalDateEnding": "2024-12-31",
      "reportedCurrency": "USD",
      "grossProfit": "23405000000",
      "totalRevenue": "187442000000",
      "costOfRevenue": "164037000000",
      "costofGoodsAndServicesSold": "164037000000",
      "operatingIncome": "12784000000",
      "sellingGeneralAndAdministrative": "10621000000",
      "researchAndDevelopment": "None",
      "operatingExpenses": "10621000000",
      "investmentIncomeNet": "None",
      "netInterestIncome": "121000000",
      "interestIncome": "967000000",
      "interestExpense": "846000000",
      "nonInterestIncome": "None",
      "otherNonOperatingIncome": "None",
      "depreciation": "None",
      "depreciationAndAmortization": "11456000000",
      "incomeBeforeTax": "8519000000",
      "incomeTaxExpense": "2556000000",
      "interestAndDebtExpense": "None",
      "netIncomeFromContinuingOperations": "5963000000",
      "comprehensiveIncomeNetOfTax": "None",
      "ebit": "9365000000",
      "ebitda": "20821000000",
      "netIncome": "6008000000"
    },
    {
      "fiscalDateEnding": "2023-12-31",
      "reportedCurrency": "USD",
      "grossProfit": "30512000000",
      "totalRevenue": "171842000000",
      "costOfRevenue": "141330000000",
      "costofGoodsAndServicesSold": "141330000000",
      "operatingIncome": "9298000000",
      "sellingGeneralAndAdministrative": "10842000000",
      "researchAndDevelopment": "9900000000",
      "operatingExpenses": "21214000000",
      "investmentIncomeNet": "None",
      "netInterestIncome": "-688000000",
      "interestIncome": "269000000",
      "interestExpense": "11374000000",
      "nonInterestIncome": "None",
      "otherNonOperatingIncome": "None",
      "depreciation": "None",
      "depreciationAndAmortization": "11888000000",
      "incomeBeforeTax": "10403000000",
      "incomeTaxExpense": "563000000",
      "interestAndDebtExpense": "None",
      "netIncomeFromContinuingOperations": "9853000000",
      "comprehensiveIncomeNetOfTax": "None",
      "ebit": "9298000000",
      "ebitda": "9298000000",
      "netIncome": "10022000000"
    },
    {
      "fiscalDateEnding": "2022-12-31",
      "reportedCurrency": "USD",
      "grossProfit": "20981000000",
      "totalRevenue": "156735000000",
      "costOfRevenue": "135754000000",
      "costofGoodsAndServicesSold": "135754000000",
      "operatingIncome": "10315000000",
      "sellingGeneralAndAdministrative": "6667000000",
      "researchAndDevelopment": "9800000000",
      "operatingExpenses": "10667000000",
      "investmentIncomeNet": "None",
      "netInterestIncome": "-527000000",
      "interestIncome": "1282000000",
      "interestExpense": "987000000",
      "nonInterestIncome": "None",
      "otherNonOperatingIncome": "None",
      "depreciation": "None",
      "depreciationAndAmortization": "11276000000",
      "incomeBeforeTax": "11597000000",
      "incomeTaxExpense": "1888000000",
      "interestAndDebtExpense": "None",
      "netIncomeFromContinuingOperations": "9708000000",
      "comprehensiveIncomeNetOfTax": "None",
      "ebit": "12584000000",
      "ebitda": "23860000000",
      "netIncome": "9934000000"
    },
    {
      "fiscalDateEnding": "2021-12-31",
      "reportedCurrency": "USD",
      "grossProfit": "17878000000",
      "totalRevenue": "127004000000",
      "costOfRevenue": "109126000000",
      "costofGoodsAndServicesSold": "109126000000",
      "operatingIncome": "13666000000",
      "sellingGeneralAndAdministrative": "5254000000",
      "researchAndDevelopment": "7900000000",
      "operatingExpenses": "8554000000",
      "investmentIncomeNet": "None",
      "netInterestIncome": "2091000000",
      "interestIncome": "3041000000",
      "interestExpense": "950000000",
      "nonInterestIncome": "None",
      "otherNonOperatingIncome": "4342000000",
      "depreciation": "None",
      "depreciationAndAmortization": "12047000000",
      "incomeBeforeTax": "12716000000",
      "incomeTaxExpense": "2771000000",
      "interestAndDebtExpense": "None",
      "netIncomeFromContinuingOperations": "9945000000",
      "comprehensiveIncomeNetOfTax": "None",
      "ebit": "13666000000",
      "ebitda": "25713000000",
      "netIncome": "10019000000"
    },
    {
      "fiscalDateEnding": "2020-12-31",
      "reportedCurrency": "USD",
      "grossProfit": "13672000000",
      "totalRevenue": "122485000000",
      "costOfRevenue": "108813000000",
      "costofGoodsAndServicesSold": "108813000000",
      "operatingIncome": "8928000000",
      "sellingGeneralAndAdministrative": "4338000000",
      "researchAndDevelopment": "6200000000",
      "operatingExpenses": "7038000000",
      "investmentIncomeNet": "None",
      "netInterestIncome": "-857000000",
      "interestIncome": "1461000000",
      "interestExpense": "1098000000",
      "nonInterestIncome": "None",
      "otherNonOperatingIncome": "2559000000",
      "depreciation": "None",
      "depreciationAndAmortization": "12676000000",
      "incomeBeforeTax": "8095000000",
      "incomeTaxExpense": "1774000000",
      "interestAndDebtExpense": "None",
      "netIncomeFromContinuingOperations": "6321000000",
      "comprehensiveIncomeNetOfTax": "None",
      "ebit": "9193000000",
      "ebitda": "21869000000",
      "netIncome": "6427000000"
    },
    {
      "fiscalDateEnding": "2019-12-31",
      "reportedCurrency": "USD",
      "grossProfit": "13972000000",
      "totalRevenue": "137237000000",
      "costOfRevenue": "123265000000",
      "costofGoodsAndServicesSold": "123265000000",
      "operatingIncome": "8218000000",
      "sellingGeneralAndAdministrative": "4791000000",
      "researchAndDevelopment": "6800000000",
      "operatingExpenses": "8491000000",
      "investmentIncomeNet": "None",
      "netInterestIncome": "-353000000",
      "interestIncome": "429000000",
      "interestExpense": "782000000",
      "nonInterestIncome": "None",
      "otherNonOperatingIncome": "2737000000",
      "depreciation": "None",
      "depreciationAndAmortization": "14060000000",
      "incomeBeforeTax": "7436000000",
      "incomeTaxExpense": "769000000",
      "interestAndDebtExpense": "None",
      "netIncomeFromContinuingOperations": "6667000000",
      "comprehensiveIncomeNetOfTax": "None",
      "ebit": "8218000000",
      "ebitda": "22278000000",
      "netIncome": "6732000000"
    },
    {
      "fiscalDateEnding": "2018-12-31",
      "reportedCurrency": "USD",
      "grossProfit": "14095000000",
      "totalRevenue": "147049000000",
      "costOfRevenue": "132954000000",
      "costofGoodsAndServicesSold": "132954000000",
      "operatingIncome": "4445000000",
      "sellingGeneralAndAdministrative": "9650000000",
      "researchAndDevelopment": "7800000000",
      "operatingExpenses": "9650000000",
      "investmentIncomeNet": "None",
      "netInterestIncome": "-320000000",
      "interestIncome": "335000000",
      "interestExpense": "655000000",
      "nonInterestIncome": "None",
      "otherNonOperatingIncome": "4759000000",
      "depreciation": "None",
      "depreciationAndAmortization": "13142000000",
      "incomeBeforeTax": "8549000000",
      "incomeTaxExpense": "474000000",
      "interestAndDebtExpense": "None",
      "netIncomeFromContinuingOperations": "8075000000",
      "comprehensiveIncomeNetOfTax": "None",
      "ebit": "9204000000",
      "ebitda": "22346000000",
      "netIncome": "8014000000"
    },
    {
      "fiscalDateEnding": "2017-12-31",
      "reportedCurrency": "USD",
      "grossProfit": "19591000000",
      "totalRevenue": "145588000000",
      "costOfRevenue": "125997000000",
      "costofGoodsAndServicesSold": "125997000000",
      "operatingIncome": "10016000000",
      "sellingGeneralAndAdministrative": "9575000000",
      "researchAndDevelopment": "7300000000",
      "operatingExpenses": "9575000000",
      "investmentIncomeNet": "None",
      "netInterestIncome": "-285000000",
      "interestIncome": "290000000",
      "interestExpense": "575000000",
      "nonInterestIncome": "None",
      "otherNonOperatingIncome": "2422000000",
      "depreciation": "None",
      "depreciationAndAmortization": "11967000000",
      "incomeBeforeTax": "11863000000",
      "incomeTaxExpense": "11533000000",
      "interestAndDebtExpense": "None",
      "netIncomeFromContinuingOperations": "330000000",
      "comprehensiveIncomeNetOfTax": "None",
      "ebit": "12438000000",
      "ebitda": "24405000000",
      "netIncome": "-3864000000"
    },
    {
      "fiscalDateEnding": "2016-12-31",
      "reportedCurrency": "USD",
      "grossProfit": "21255000000",
      "totalRevenue": "166380000000",
      "costOfRevenue": "145125000000",
      "costofGoodsAndServicesSold": "145125000000",
      "operatingIncome": "9545000000",
      "sellingGeneralAndAdministrative": "11710000000",
      "researchAndDevelopment": "6600000000",
      "operatingExpenses": "11710000000",
      "investmentIncomeNet": "None",
      "netInterestIncome": "-387000000",
      "interestIncome": "185000000",
      "interestExpense": "572000000",
      "nonInterestIncome": "None",
      "otherNonOperatingIncome": "2711000000",
      "depreciation": "None",
      "depreciationAndAmortization": "9686000000",
      "incomeBeforeTax": "11684000000",
      "incomeTaxExpense": "2416000000",
      "interestAndDebtExpense": "None",
      "netIncomeFromContinuingOperations": "9268000000",
      "comprehensiveIncomeNetOfTax": "None",
      "ebit": "12571000000",
      "ebitda": "22257000000",
      "netIncome": "9427000000"
    },
    {
      "fiscalDateEnding": "2015-12-31",
      "reportedCurrency": "USD",
      "grossProfit": "18302000000",
      "totalRevenue": "152356000000",
      "costOfRevenue": "134054000000",
      "costofGoodsAndServicesSold": "134054000000",
      "operatingIncome": "4897000000",
      "sellingGeneralAndAdministrative": "13405000000",
      "researchAndDevelopment": "6000000000",
      "operatingExpenses": "13405000000",
      "investmentIncomeNet": "None",
      "netInterestIncome": "None",
      "interestIncome": "2384000000",
      "interestExpense": "443000000",
      "nonInterestIncome": "None",
      "otherNonOperatingIncome": "3264000000",
      "depreciation": "None",
      "depreciationAndAmortization": "8017000000",
      "incomeBeforeTax": "7718000000",
      "incomeTaxExpense": "-1897000000",
      "interestAndDebtExpense": "None",
      "netIncomeFromContinuingOperations": "9615000000",
      "comprehensiveIncomeNetOfTax": "None",
      "ebit": "7408000000",
      "ebitda": "15425000000",
      "netIncome": "9687000000"
    },
    {
      "fiscalDateEnding": "2014-12-31",
      "reportedCurrency": "USD",
      "grossProfit": "13808000000",
      "totalRevenue": "155929000000",
      "costOfRevenue": "142121000000",
      "costofGoodsAndServicesSold": "142121000000",
      "operatingIncome": "1530000000",
      "sellingGeneralAndAdministrative": "12158000000",
      "researchAndDevelopment": "7400000000",
      "operatingExpenses": "12158000000",
      "investmentIncomeNet": "None",
      "netInterestIncome": "None",
      "interestIncome": "None",
      "interestExpense": "403000000",
      "nonInterestIncome": "None",
      "otherNonOperatingIncome": "3119000000",
      "depreciation": "None",
      "depreciationAndAmortization": "7238000000",
      "incomeBeforeTax": "4246000000",
      "incomeTaxExpense": "228000000",
      "interestAndDebtExpense": "None",
      "netIncomeFromContinuingOperations": "4018000000",
      "comprehensiveIncomeNetOfTax": "None",
      "ebit": "3649000000",
      "ebitda": "10887000000",
      "netIncome": "3949000000"
    },
    {
      "fiscalDateEnding": "2013-12-31",
      "reportedCurrency": "USD",
      "grossProfit": "18054000000",
      "totalRevenue": "155427000000",
      "costOfRevenue": "137373000000",
      "costofGoodsAndServicesSold": "137373000000",
      "operatingIncome": "5131000000",
      "sellingGeneralAndAdministrative": "12382000000",
      "researchAndDevelopment": "7200000000",
      "operatingExpenses": "12382000000",
      "investmentIncomeNet": "None",
      "netInterestIncome": "None",
      "interestIncome": "None",
      "interestExpense": "334000000",
      "nonInterestIncome": "None",
      "otherNonOperatingIncome": "851000000",
      "depreciation": "None",
      "depreciationAndAmortization": "8041000000",
      "incomeBeforeTax": "7458000000",
      "incomeTaxExpense": "2127000000",
      "interestAndDebtExpense": "None",
      "netIncomeFromContinuingOperations": "5331000000",
      "comprehensiveIncomeNetOfTax": "None",
      "ebit": "5659000000",
      "ebitda": "13700000000",
      "netIncome": "5346000000"
    },
    {
      "fiscalDateEnding": "2012-12-31",
      "reportedCurrency": "USD",
      "grossProfit": "10813000000",
      "totalRevenue": "152256000000",
      "costOfRevenue": "141443000000",
      "costofGoodsAndServicesSold": "141443000000",
      "operatingIncome": "-30363000000",
      "sellingGeneralAndAdministrative": "13593000000",
      "researchAndDevelopment": "7400000000",
      "operatingExpenses": "14031000000",
      "investmentIncomeNet": "None",
      "netInterestIncome": "None",
      "interestIncome": "None",
      "interestExpense": "489000000",
      "nonInterestIncome": "None",
      "otherNonOperatingIncome": "595000000",
      "depreciation": "None",
      "depreciationAndAmortization": "38762000000",
      "incomeBeforeTax": "-30257000000",
      "incomeTaxExpense": "-34831000000",
      "interestAndDebtExpense": "None",
      "netIncomeFromContinuingOperations": "4574000000",
      "comprehensiveIncomeNetOfTax": "None",
      "ebit": "-28206000000",
      "ebitda": "10556000000",
      "netIncome": "6188000000"
    },
    {
      "fiscalDateEnding": "2011-12-31",
      "reportedCurrency": "USD",
      "grossProfit": "19105000000",
      "totalRevenue": "150276000000",
      "costOfRevenue": "131171000000",
      "costofGoodsAndServicesSold": "131171000000",
      "operatingIncome": "5656000000",
      "sellingGeneralAndAdministrative": "12163000000",
      "researchAndDevelopment": "8124000000",
      "operatingExpenses": "12163000000",
      "investmentIncomeNet": "None",
      "netInterestIncome": "None",
      "interestIncome": "None",
      "interestExpense": "540000000",
      "nonInterestIncome": "None",
      "otherNonOperatingIncome": "869000000",
      "depreciation": "None",
      "depreciationAndAmortization": "7344000000",
      "incomeBeforeTax": "5985000000",
      "incomeTaxExpense": "110000000",
      "interestAndDebtExpense": "None",
      "netIncomeFromContinuingOperations": "6095000000",
      "comprehensiveIncomeNetOfTax": "None",
      "ebit": "9800000000",
      "ebitda": "17144000000",
      "netIncome": "9190000000"
    },
    {
      "fiscalDateEnding": "2010-12-31",
      "reportedCurrency": "USD",
      "grossProfit": "16800000000",
      "totalRevenue": "135592000000",
      "costOfRevenue": "118792000000",
      "costofGoodsAndServicesSold": "118792000000",
      "operatingIncome": "5084000000",
      "sellingGeneralAndAdministrative": "11716000000",
      "researchAndDevelopment": "6962000000",
      "operatingExpenses": "11716000000",
      "investmentIncomeNet": "None",
      "netInterestIncome": "None",
      "interestIncome": "None",
      "interestExpense": "1098000000",
      "nonInterestIncome": "None",
      "otherNonOperatingIncome": "None",
      "depreciation": "None",
      "depreciationAndAmortization": "6923000000",
      "incomeBeforeTax": "5737000000",
      "incomeTaxExpense": "672000000",
      "interestAndDebtExpense": "None",
      "netIncomeFromContinuingOperations": "None",
      "comprehensiveIncomeNetOfTax": "None",
      "ebit": "6546000000",
      "ebitda": "13469000000",
      "netIncome": "6172000000"
    },
    {
      "fiscalDateEnding": "2009-12-31",
      "reportedCurrency": "USD",
      "grossProfit": "-7606000000",
      "totalRevenue": "104589000000",
      "costOfRevenue": "112195000000",
      "costofGoodsAndServicesSold": "112195000000",
      "operatingIncome": "-21023000000",
      "sellingGeneralAndAdministrative": "12167000000",
      "researchAndDevelopment": "6051000000",
      "operatingExpenses": "13329000000",
      "investmentIncomeNet": "None",
      "netInterestIncome": "None",
      "interestIncome": "None",
      "interestExpense": "6122000000",
      "nonInterestIncome": "None",
      "otherNonOperatingIncome": "None",
      "depreciation": "None",
      "depreciationAndAmortization": "15151000000",
      "incomeBeforeTax": "102493000000",
      "incomeTaxExpense": "-2166000000",
      "interestAndDebtExpense": "None",
      "netIncomeFromContinuingOperations": "None",
      "comprehensiveIncomeNetOfTax": "None",
      "ebit": "-18263000000",
      "ebitda": "-3112000000",
      "netIncome": "104821000000"
    },
    {
      "fiscalDateEnding": "2008-12-31",
      "reportedCurrency": "USD",
      "grossProfit": "-278000000",
      "totalRevenue": "148979000000",
      "costOfRevenue": "149257000000",
      "costofGoodsAndServicesSold": "149257000000",
      "operatingIncome": "-21230000000",
      "sellingGeneralAndAdministrative": "14253000000",
      "researchAndDevelopment": "8000000000",
      "operatingExpenses": "20342000000",
      "investmentIncomeNet": "None",
      "netInterestIncome": "None",
      "interestIncome": "None",
      "interestExpense": "2525000000",
      "nonInterestIncome": "None",
      "otherNonOperatingIncome": "None",
      "depreciation": "None",
      "depreciationAndAmortization": "10203000000",
      "incomeBeforeTax": "-29471000000",
      "incomeTaxExpense": "1766000000",
      "interestAndDebtExpense": "None",
      "netIncomeFromContinuingOperations": "None",
      "comprehensiveIncomeNetOfTax": "None",
      "ebit": "-28841000000",
      "ebitda": "-18638000000",
      "netIncome": "-30943000000"
    },
    {
      "fiscalDateEnding": "2007-12-31",
      "reportedCurrency": "USD",
      "grossProfit": "23581000000",
      "totalRevenue": "181122000000",
      "costOfRevenue": "157541000000",
      "costofGoodsAndServicesSold": "157541000000",
      "operatingIncome": "None",
      "sellingGeneralAndAdministrative": "14412000000",
      "researchAndDevelopment": "8100000000",
      "operatingExpenses": "None",
      "investmentIncomeNet": "None",
      "netInterestIncome": "None",
      "interestIncome": "None",
      "interestExpense": "0",
      "nonInterestIncome": "None",
      "otherNonOperatingIncome": "None",
      "depreciation": "None",
      "depreciationAndAmortization": "None",
      "incomeBeforeTax": "None",
      "incomeTaxExpense": "37162000000",
      "interestAndDebtExpense": "None",
      "netIncomeFromContinuingOperations": "None",
      "comprehensiveIncomeNetOfTax": "None",
      "ebit": "None",
      "ebitda": "None",
      "netIncome": "None"
    },
    {
      "fiscalDateEnding": "2006-12-31",
      "reportedCurrency": "USD",
      "grossProfit": "49546000000",
      "totalRevenue": "207349000000",
      "costOfRevenue": "157803000000",
      "costofGoodsAndServicesSold": "157803000000",
      "operatingIncome": "13515000000",
      "sellingGeneralAndAdministrative": "25081000000",
      "researchAndDevelopment": "6600000000",
      "operatingExpenses": "None",
      "investmentIncomeNet": "None",
      "netInterestIncome": "None",
      "interestIncome": "None",
      "interestExpense": "0",
      "nonInterestIncome": "None",
      "otherNonOperatingIncome": "None",
      "depreciation": "None",
      "depreciationAndAmortization": "None",
      "incomeBeforeTax": "None",
      "incomeTaxExpense": "None",
      "interestAndDebtExpense": "None",
      "netIncomeFromContinuingOperations": "None",
      "comprehensiveIncomeNetOfTax": "None",
      "ebit": "None",
      "ebitda": "None",
      "netIncome": "None"
    },
    {
      "fiscalDateEnding": "2005-12-31",
      "reportedCurrency": "USD",
      "grossProfit": "34951000000",
      "totalRevenue": "190215000000",
      "costOfRevenue": "155264000000",
      "costofGoodsAndServicesSold": "155264000000",
      "operatingIncome": "None",
      "sellingGeneralAndAdministrative": "22734000000",
      "researchAndDevelopment": "6700000000",
      "operatingExpenses": "None",
      "investmentIncomeNet": "None",
      "netInterestIncome": "None",
      "interestIncome": "None",
      "interestExpense": "0",
      "nonInterestIncome": "None",
      "otherNonOperatingIncome": "None",
      "depreciation": "None",
      "depreciationAndAmortization": "None",
      "incomeBeforeTax": "None",
      "incomeTaxExpense": "None",
      "interestAndDebtExpense": "None",
      "netIncomeFromContinuingOperations": "None",
      "comprehensiveIncomeNetOfTax": "None",
      "ebit": "None",
      "ebitda": "None",
      "netIncome": "None"
    }
  ],
  "quarterlyReports": [
    {
      "fiscalDateEnding": "2025-03-31",
      "reportedCurrency": "USD",
      "grossProfit": "5338000000",
      "totalRevenue": "44020000000",
      "costOfRevenue": "38682000000",
      "costofGoodsAndServicesSold": "38682000000",
      "operatingIncome": "3352000000",
      "sellingGeneralAndAdministrative": "1985000000",
      "researchAndDevelopment": "None",
      "operatingExpenses": "1985000000",
      "investmentIncomeNet": "None",
      "netInterestIncome": "158000000",
      "interestIncome": "310000000",
      "interestExpense": "152000000",
      "nonInterestIncome": "None",
      "otherNonOperatingIncome": "None",
      "depreciation": "None",
      "depreciationAndAmortization": "2934000000",
      "incomeBeforeTax": "3572000000",
      "incomeTaxExpense": "719000000",
      "interestAndDebtExpense": "None",
      "netIncomeFromContinuingOperations": "2853000000",
      "comprehensiveIncomeNetOfTax": "None",
      "ebit": "3725000000",
      "ebitda": "6659000000",
      "netIncome": "2784000000"
    },
    {
      "fiscalDateEnding": "2024-12-31",
      "reportedCurrency": "USD",
      "grossProfit": "4851000000",
      "totalRevenue": "47702000000",
      "costOfRevenue": "42851000000",
      "costofGoodsAndServicesSold": "42851000000",
      "operatingIncome": "1522000000",
      "sellingGeneralAndAdministrative": "3329000000",
      "researchAndDevelopment": "None",
      "operatingExpenses": "3329000000",
      "investmentIncomeNet": "None",
      "netInterestIncome": "-4000000",
      "interestIncome": "211000000",
      "interestExpense": "215000000",
      "nonInterestIncome": "None",
      "otherNonOperatingIncome": "None",
      "depreciation": "None",
      "depreciationAndAmortization": "3233000000",
      "incomeBeforeTax": "-2556000000",
      "incomeTaxExpense": "318000000",
      "interestAndDebtExpense": "None",
      "netIncomeFromContinuingOperations": "-2874000000",
      "comprehensiveIncomeNetOfTax": "None",
      "ebit": "-2342000000",
      "ebitda": "891000000",
      "netIncome": "-2961000000"
    },
    {
      "fiscalDateEnding": "2024-09-30",
      "reportedCurrency": "USD",
      "grossProfit": "6396000000",
      "totalRevenue": "48756000000",
      "costOfRevenue": "42360000000",
      "costofGoodsAndServicesSold": "42360000000",
      "operatingIncome": "3651000000",
      "sellingGeneralAndAdministrative": "2745000000",
      "researchAndDevelopment": "None",
      "operatingExpenses": "2745000000",
      "investmentIncomeNet": "None",
      "netInterestIncome": "188000000",
      "interestIncome": "394000000",
      "interestExpense": "206000000",
      "nonInterestIncome": "None",
      "otherNonOperatingIncome": "None",
      "depreciation": "None",
      "depreciationAndAmortization": "2872000000",
      "incomeBeforeTax": "3717000000",
      "incomeTaxExpense": "709000000",
      "interestAndDebtExpense": "None",
      "netIncomeFromContinuingOperations": "3008000000",
      "comprehensiveIncomeNetOfTax": "None",
      "ebit": "3923000000",
      "ebitda": "6795000000",
      "netIncome": "3056000000"
    },
    {
      "fiscalDateEnding": "2024-06-30",
      "reportedCurrency": "USD",
      "grossProfit": "6245000000",
      "totalRevenue": "47969000000",
      "costOfRevenue": "41724000000",
      "costofGoodsAndServicesSold": "41724000000",
      "operatingIncome": "3873000000",
      "sellingGeneralAndAdministrative": "2372000000",
      "researchAndDevelopment": "None",
      "operatingExpenses": "2372000000",
      "investmentIncomeNet": "None",
      "netInterestIncome": "-146000000",
      "interestIncome": "60000000",
      "interestExpense": "206000000",
      "nonInterestIncome": "None",
      "otherNonOperatingIncome": "None",
      "depreciation": "None",
      "depreciationAndAmortization": "3486000000",
      "incomeBeforeTax": "3643000000",
      "incomeTaxExpense": "767000000",
      "interestAndDebtExpense": "None",
      "netIncomeFromContinuingOperations": "2877000000",
      "comprehensiveIncomeNetOfTax": "None",
      "ebit": "3849000000",
      "ebitda": "7335000000",
      "netIncome": "2933000000"
    },
    {
      "fiscalDateEnding": "2024-03-31",
      "reportedCurrency": "USD",
      "grossProfit": "5912000000",
      "totalRevenue": "43014000000",
      "costOfRevenue": "37102000000",
      "costofGoodsAndServicesSold": "37102000000",
      "operatingIncome": "3737000000",
      "sellingGeneralAndAdministrative": "2175000000",
      "researchAndDevelopment": "None",
      "operatingExpenses": "2175000000",
      "investmentIncomeNet": "None",
      "netInterestIncome": "83000000",
      "interestIncome": "302000000",
      "interestExpense": "219000000",
      "nonInterestIncome": "None",
      "otherNonOperatingIncome": "None",
      "depreciation": "None",
      "depreciationAndAmortization": "2798000000",
      "incomeBeforeTax": "3715000000",
      "incomeTaxExpense": "762000000",
      "interestAndDebtExpense": "None",
      "netIncomeFromContinuingOperations": "2953000000",
      "comprehensiveIncomeNetOfTax": "None",
      "ebit": "3934000000",
      "ebitda": "6732000000",
      "netIncome": "2980000000"
    },
    {
      "fiscalDateEnding": "2023-12-31",
      "reportedCurrency": "USD",
      "grossProfit": "3309000000",
      "totalRevenue": "42979000000",
      "costOfRevenue": "39670000000",
      "costofGoodsAndServicesSold": "39670000000",
      "operatingIncome": "918000000",
      "sellingGeneralAndAdministrative": "1209000000",
      "researchAndDevelopment": "9900000000",
      "operatingExpenses": "2391000000",
      "investmentIncomeNet": "None",
      "netInterestIncome": "-332000000",
      "interestIncome": "110000000",
      "interestExpense": "222000000",
      "nonInterestIncome": "None",
      "otherNonOperatingIncome": "None",
      "depreciation": "None",
      "depreciationAndAmortization": "2999000000",
      "incomeBeforeTax": "1136000000",
      "incomeTaxExpense": "-858000000",
      "interestAndDebtExpense": "None",
      "netIncomeFromContinuingOperations": "1994000000",
      "comprehensiveIncomeNetOfTax": "None",
      "ebit": "1358000000",
      "ebitda": "4357000000",
      "netIncome": "2101000000"
    },
    {
      "fiscalDateEnding": "2023-09-30",
      "reportedCurrency": "USD",
      "grossProfit": "8289000000",
      "totalRevenue": "44131000000",
      "costOfRevenue": "35842000000",
      "costofGoodsAndServicesSold": "35842000000",
      "operatingIncome": "3013000000",
      "sellingGeneralAndAdministrative": "2344000000",
      "researchAndDevelopment": "None",
      "operatingExpenses": "5276000000",
      "investmentIncomeNet": "None",
      "netInterestIncome": "224000000",
      "interestIncome": "453000000",
      "interestExpense": "2933000000",
      "nonInterestIncome": "None",
      "otherNonOperatingIncome": "None",
      "depreciation": "None",
      "depreciationAndAmortization": "2992000000",
      "incomeBeforeTax": "3464000000",
      "incomeTaxExpense": "470000000",
      "interestAndDebtExpense": "None",
      "netIncomeFromContinuingOperations": "2994000000",
      "comprehensiveIncomeNetOfTax": "None",
      "ebit": "3692000000",
      "ebitda": "6684000000",
      "netIncome": "3064000000"
    },
    {
      "fiscalDateEnding": "2023-06-30",
      "reportedCurrency": "USD",
      "grossProfit": "5347000000",
      "totalRevenue": "44747000000",
      "costOfRevenue": "39400000000",
      "costofGoodsAndServicesSold": "39400000000",
      "operatingIncome": "2789000000",
      "sellingGeneralAndAdministrative": "5326000000",
      "researchAndDevelopment": "None",
      "operatingExpenses": "2558000000",
      "investmentIncomeNet": "None",
      "netInterestIncome": "132000000",
      "interestIncome": "358000000",
      "interestExpense": "226000000",
      "nonInterestIncome": "None",
      "otherNonOperatingIncome": "358000000",
      "depreciation": "None",
      "depreciationAndAmortization": "2936000000",
      "incomeBeforeTax": "3029000000",
      "incomeTaxExpense": "522000000",
      "interestAndDebtExpense": "None",
      "netIncomeFromContinuingOperations": "2507000000",
      "comprehensiveIncomeNetOfTax": "None",
      "ebit": "3254000000",
      "ebitda": "6190000000",
      "netIncome": "2566000000"
    },
    {
      "fiscalDateEnding": "2023-03-31",
      "reportedCurrency": "USD",
      "grossProfit": "5126000000",
      "totalRevenue": "39985000000",
      "costOfRevenue": "34859000000",
      "costofGoodsAndServicesSold": "34859000000",
      "operatingIncome": "2578000000",
      "sellingGeneralAndAdministrative": "5159000000",
      "researchAndDevelopment": "None",
      "operatingExpenses": "2548000000",
      "investmentIncomeNet": "None",
      "netInterestIncome": "175000000",
      "interestIncome": "409000000",
      "interestExpense": "234000000",
      "nonInterestIncome": "None",
      "otherNonOperatingIncome": "409000000",
      "depreciation": "None",
      "depreciationAndAmortization": "2812000000",
      "incomeBeforeTax": "2775000000",
      "incomeTaxExpense": "428000000",
      "interestAndDebtExpense": "None",
      "netIncomeFromContinuingOperations": "2347000000",
      "comprehensiveIncomeNetOfTax": "None",
      "ebit": "3009000000",
      "ebitda": "5821000000",
      "netIncome": "2395000000"
    },
    {
      "fiscalDateEnding": "2022-12-31",
      "reportedCurrency": "USD",
      "grossProfit": "6003000000",
      "totalRevenue": "43108000000",
      "costOfRevenue": "37105000000",
      "costofGoodsAndServicesSold": "37105000000",
      "operatingIncome": "2611000000",
      "sellingGeneralAndAdministrative": "607000000",
      "researchAndDevelopment": "9800000000",
      "operatingExpenses": "3393000000",
      "investmentIncomeNet": "None",
      "netInterestIncome": "-1218000000",
      "interestIncome": "24000000",
      "interestExpense": "53000000",
      "nonInterestIncome": "None",
      "otherNonOperatingIncome": "None",
      "depreciation": "None",
      "depreciationAndAmortization": "2767000000",
      "incomeBeforeTax": "2588000000",
      "incomeTaxExpense": "580000000",
      "interestAndDebtExpense": "None",
      "netIncomeFromContinuingOperations": "2007000000",
      "comprehensiveIncomeNetOfTax": "None",
      "ebit": "3091000000",
      "ebitda": "5858000000",
      "netIncome": "1999000000"
    },
    {
      "fiscalDateEnding": "2022-09-30",
      "reportedCurrency": "USD",
      "grossProfit": "5868000000",
      "totalRevenue": "41888000000",
      "costOfRevenue": "36020000000",
      "costofGoodsAndServicesSold": "36020000000",
      "operatingIncome": "3392000000",
      "sellingGeneralAndAdministrative": "4797000000",
      "researchAndDevelopment": "None",
      "operatingExpenses": "2477000000",
      "investmentIncomeNet": "None",
      "netInterestIncome": "339000000",
      "interestIncome": "598000000",
      "interestExpense": "259000000",
      "nonInterestIncome": "None",
      "otherNonOperatingIncome": "965000000",
      "depreciation": "None",
      "depreciationAndAmortization": "2774000000",
      "incomeBeforeTax": "4097000000",
      "incomeTaxExpense": "845000000",
      "interestAndDebtExpense": "None",
      "netIncomeFromContinuingOperations": "3252000000",
      "comprehensiveIncomeNetOfTax": "None",
      "ebit": "4357000000",
      "ebitda": "7131000000",
      "netIncome": "3305000000"
    },
    {
      "fiscalDateEnding": "2022-06-30",
      "reportedCurrency": "USD",
      "grossProfit": "4409000000",
      "totalRevenue": "35759000000",
      "costOfRevenue": "31350000000",
      "costofGoodsAndServicesSold": "31350000000",
      "operatingIncome": "2116000000",
      "sellingGeneralAndAdministrative": "4382000000",
      "researchAndDevelopment": "None",
      "operatingExpenses": "2293000000",
      "investmentIncomeNet": "None",
      "netInterestIncome": "61000000",
      "interestIncome": "295000000",
      "interestExpense": "234000000",
      "nonInterestIncome": "None",
      "otherNonOperatingIncome": "250000000",
      "depreciation": "None",
      "depreciationAndAmortization": "2844000000",
      "incomeBeforeTax": "2132000000",
      "incomeTaxExpense": "490000000",
      "interestAndDebtExpense": "None",
      "netIncomeFromContinuingOperations": "1642000000",
      "comprehensiveIncomeNetOfTax": "None",
      "ebit": "2366000000",
      "ebitda": "5210000000",
      "netIncome": "1692000000"
    },
    {
      "fiscalDateEnding": "2022-03-31",
      "reportedCurrency": "USD",
      "grossProfit": "4700000000",
      "totalRevenue": "35979000000",
      "costOfRevenue": "31279000000",
      "costofGoodsAndServicesSold": "31279000000",
      "operatingIncome": "3005000000",
      "sellingGeneralAndAdministrative": "4430000000",
      "researchAndDevelopment": "None",
      "operatingExpenses": "2504000000",
      "investmentIncomeNet": "None",
      "netInterestIncome": "291000000",
      "interestIncome": "517000000",
      "interestExpense": "226000000",
      "nonInterestIncome": "None",
      "otherNonOperatingIncome": "809000000",
      "depreciation": "None",
      "depreciationAndAmortization": "2891000000",
      "incomeBeforeTax": "2779000000",
      "incomeTaxExpense": "-28000000",
      "interestAndDebtExpense": "None",
      "netIncomeFromContinuingOperations": "2807000000",
      "comprehensiveIncomeNetOfTax": "None",
      "ebit": "3005000000",
      "ebitda": "5896000000",
      "netIncome": "2939000000"
    },
    {
      "fiscalDateEnding": "2021-12-31",
      "reportedCurrency": "USD",
      "grossProfit": "3998000000",
      "totalRevenue": "33584000000",
      "costOfRevenue": "29586000000",
      "costofGoodsAndServicesSold": "29586000000",
      "operatingIncome": "1520000000",
      "sellingGeneralAndAdministrative": "822000000",
      "researchAndDevelopment": "7900000000",
      "operatingExpenses": "2478000000",
      "investmentIncomeNet": "None",
      "netInterestIncome": "431000000",
      "interestIncome": "658000000",
      "interestExpense": "227000000",
      "nonInterestIncome": "None",
      "otherNonOperatingIncome": "944000000",
      "depreciation": "None",
      "depreciationAndAmortization": "2937000000",
      "incomeBeforeTax": "2237000000",
      "incomeTaxExpense": "471000000",
      "interestAndDebtExpense": "None",
      "netIncomeFromContinuingOperations": "1766000000",
      "comprehensiveIncomeNetOfTax": "None",
      "ebit": "2464000000",
      "ebitda": "5401000000",
      "netIncome": "1741000000"
    },
    {
      "fiscalDateEnding": "2021-09-30",
      "reportedCurrency": "USD",
      "grossProfit": "3793000000",
      "totalRevenue": "26779000000",
      "costOfRevenue": "22986000000",
      "costofGoodsAndServicesSold": "22986000000",
      "operatingIncome": "1645000000",
      "sellingGeneralAndAdministrative": "2148000000",
      "researchAndDevelopment": "None",
      "operatingExpenses": "2148000000",
      "investmentIncomeNet": "None",
      "netInterestIncome": "570000000",
      "interestIncome": "800000000",
      "interestExpense": "230000000",
      "nonInterestIncome": "None",
      "otherNonOperatingIncome": "1123000000",
      "depreciation": "None",
      "depreciationAndAmortization": "3081000000",
      "incomeBeforeTax": "2538000000",
      "incomeTaxExpense": "152000000",
      "interestAndDebtExpense": "None",
      "netIncomeFromContinuingOperations": "2386000000",
      "comprehensiveIncomeNetOfTax": "None",
      "ebit": "2768000000",
      "ebitda": "5849000000",
      "netIncome": "2420000000"
    },
    {
      "fiscalDateEnding": "2021-06-30",
      "reportedCurrency": "USD",
      "grossProfit": "5007000000",
      "totalRevenue": "34167000000",
      "costOfRevenue": "29160000000",
      "costofGoodsAndServicesSold": "29160000000",
      "operatingIncome": "2882000000",
      "sellingGeneralAndAdministrative": "2125000000",
      "researchAndDevelopment": "None",
      "operatingExpenses": "2125000000",
      "investmentIncomeNet": "None",
      "netInterestIncome": "541000000",
      "interestIncome": "383000000",
      "interestExpense": "243000000",
      "nonInterestIncome": "None",
      "otherNonOperatingIncome": "1111000000",
      "depreciation": "None",
      "depreciationAndAmortization": "3014000000",
      "incomeBeforeTax": "3750000000",
      "incomeTaxExpense": "971000000",
      "interestAndDebtExpense": "None",
      "netIncomeFromContinuingOperations": "2779000000",
      "comprehensiveIncomeNetOfTax": "None",
      "ebit": "3993000000",
      "ebitda": "7007000000",
      "netIncome": "2836000000"
    },
    {
      "fiscalDateEnding": "2021-03-31",
      "reportedCurrency": "USD",
      "grossProfit": "5080000000",
      "totalRevenue": "32474000000",
      "costOfRevenue": "27394000000",
      "costofGoodsAndServicesSold": "27394000000",
      "operatingIncome": "3277000000",
      "sellingGeneralAndAdministrative": "4082000000",
      "researchAndDevelopment": "None",
      "operatingExpenses": "1803000000",
      "investmentIncomeNet": "None",
      "netInterestIncome": "549000000",
      "interestIncome": "799000000",
      "interestExpense": "250000000",
      "nonInterestIncome": "None",
      "otherNonOperatingIncome": "1164000000",
      "depreciation": "None",
      "depreciationAndAmortization": "3015000000",
      "incomeBeforeTax": "4191000000",
      "incomeTaxExpense": "1177000000",
      "interestAndDebtExpense": "None",
      "netIncomeFromContinuingOperations": "3014000000",
      "comprehensiveIncomeNetOfTax": "None",
      "ebit": "4441000000",
      "ebitda": "7456000000",
      "netIncome": "3022000000"
    },
    {
      "fiscalDateEnding": "2020-12-31",
      "reportedCurrency": "USD",
      "grossProfit": "4897000000",
      "totalRevenue": "37518000000",
      "costOfRevenue": "32621000000",
      "costofGoodsAndServicesSold": "32621000000",
      "operatingIncome": "2767000000",
      "sellingGeneralAndAdministrative": "1970000000",
      "researchAndDevelopment": "6200000000",
      "operatingExpenses": "2130000000",
      "investmentIncomeNet": "None",
      "netInterestIncome": "-1257000000",
      "interestIncome": "672000000",
      "interestExpense": "229000000",
      "nonInterestIncome": "None",
      "otherNonOperatingIncome": "947000000",
      "depreciation": "None",
      "depreciationAndAmortization": "3080000000",
      "incomeBeforeTax": "3439000000",
      "incomeTaxExpense": "642000000",
      "interestAndDebtExpense": "None",
      "netIncomeFromContinuingOperations": "2797000000",
      "comprehensiveIncomeNetOfTax": "None",
      "ebit": "3696000000",
      "ebitda": "6776000000",
      "netIncome": "2846000000"
    },
    {
      "fiscalDateEnding": "2020-09-30",
      "reportedCurrency": "USD",
      "grossProfit": "6052000000",
      "totalRevenue": "35480000000",
      "costOfRevenue": "29428000000",
      "costofGoodsAndServicesSold": "29428000000",
      "operatingIncome": "4424000000",
      "sellingGeneralAndAdministrative": "1628000000",
      "researchAndDevelopment": "None",
      "operatingExpenses": "1628000000",
      "investmentIncomeNet": "None",
      "netInterestIncome": "172000000",
      "interestIncome": "159000000",
      "interestExpense": "327000000",
      "nonInterestIncome": "None",
      "otherNonOperatingIncome": "808000000",
      "depreciation": "None",
      "depreciationAndAmortization": "3162000000",
      "incomeBeforeTax": "4905000000",
      "incomeTaxExpense": "887000000",
      "interestAndDebtExpense": "None",
      "netIncomeFromContinuingOperations": "4018000000",
      "comprehensiveIncomeNetOfTax": "None",
      "ebit": "5228000000",
      "ebitda": "8390000000",
      "netIncome": "4045000000"
    },
    {
      "fiscalDateEnding": "2020-06-30",
      "reportedCurrency": "USD",
      "grossProfit": "96000000",
      "totalRevenue": "16778000000",
      "costOfRevenue": "16682000000",
      "costofGoodsAndServicesSold": "16682000000",
      "operatingIncome": "-1214000000",
      "sellingGeneralAndAdministrative": "1310000000",
      "researchAndDevelopment": "None",
      "operatingExpenses": "1310000000",
      "investmentIncomeNet": "None",
      "netInterestIncome": "110000000",
      "interestIncome": "413000000",
      "interestExpense": "303000000",
      "nonInterestIncome": "None",
      "otherNonOperatingIncome": "625000000",
      "depreciation": "None",
      "depreciationAndAmortization": "3265000000",
      "incomeBeforeTax": "-892000000",
      "incomeTaxExpense": "-112000000",
      "interestAndDebtExpense": "None",
      "netIncomeFromContinuingOperations": "-780000000",
      "comprehensiveIncomeNetOfTax": "None",
      "ebit": "-589000000",
      "ebitda": "2676000000",
      "netIncome": "-758000000"
    },
    {
      "fiscalDateEnding": "2020-03-31",
      "reportedCurrency": "USD",
      "grossProfit": "2627000000",
      "totalRevenue": "32709000000",
      "costOfRevenue": "30082000000",
      "costofGoodsAndServicesSold": "30082000000",
      "operatingIncome": "657000000",
      "sellingGeneralAndAdministrative": "1970000000",
      "researchAndDevelopment": "None",
      "operatingExpenses": "1970000000",
      "investmentIncomeNet": "None",
      "netInterestIncome": "118000000",
      "interestIncome": "311000000",
      "interestExpense": "193000000",
      "nonInterestIncome": "None",
      "otherNonOperatingIncome": "179000000",
      "depreciation": "None",
      "depreciationAndAmortization": "3308000000",
      "incomeBeforeTax": "643000000",
      "incomeTaxExpense": "357000000",
      "interestAndDebtExpense": "None",
      "netIncomeFromContinuingOperations": "286000000",
      "comprehensiveIncomeNetOfTax": "None",
      "ebit": "726000000",
      "ebitda": "4034000000",
      "netIncome": "294000000"
    },
    {
      "fiscalDateEnding": "2019-12-31",
      "reportedCurrency": "USD",
      "grossProfit": "1728000000",
      "totalRevenue": "30826000000",
      "costOfRevenue": "29098000000",
      "costofGoodsAndServicesSold": "29098000000",
      "operatingIncome": "-554000000",
      "sellingGeneralAndAdministrative": "2282000000",
      "researchAndDevelopment": "6800000000",
      "operatingExpenses": "2282000000",
      "investmentIncomeNet": "None",
      "netInterestIncome": "-1109000000",
      "interestIncome": "909000000",
      "interestExpense": "104000000",
      "nonInterestIncome": "None",
      "otherNonOperatingIncome": "399000000",
      "depreciation": "None",
      "depreciationAndAmortization": "3286000000",
      "incomeBeforeTax": "-355000000",
      "incomeTaxExpense": "-163000000",
      "interestAndDebtExpense": "None",
      "netIncomeFromContinuingOperations": "-192000000",
      "comprehensiveIncomeNetOfTax": "None",
      "ebit": "-155000000",
      "ebitda": "3131000000",
      "netIncome": "-194000000"
    },
    {
      "fiscalDateEnding": "2019-09-30",
      "reportedCurrency": "USD",
      "grossProfit": "4312000000",
      "totalRevenue": "35473000000",
      "costOfRevenue": "31161000000",
      "costofGoodsAndServicesSold": "31161000000",
      "operatingIncome": "2304000000",
      "sellingGeneralAndAdministrative": "2008000000",
      "researchAndDevelopment": "None",
      "operatingExpenses": "2008000000",
      "investmentIncomeNet": "None",
      "netInterestIncome": "-37000000",
      "interestIncome": "169000000",
      "interestExpense": "206000000",
      "nonInterestIncome": "None",
      "otherNonOperatingIncome": "484000000",
      "depreciation": "None",
      "depreciationAndAmortization": "3309000000",
      "incomeBeforeTax": "2582000000",
      "incomeTaxExpense": "271000000",
      "interestAndDebtExpense": "None",
      "netIncomeFromContinuingOperations": "2311000000",
      "comprehensiveIncomeNetOfTax": "None",
      "ebit": "2787000000",
      "ebitda": "6096000000",
      "netIncome": "2351000000"
    },
    {
      "fiscalDateEnding": "2019-06-30",
      "reportedCurrency": "USD",
      "grossProfit": "4589000000",
      "totalRevenue": "36060000000",
      "costOfRevenue": "31471000000",
      "costofGoodsAndServicesSold": "31471000000",
      "operatingIncome": "2487000000",
      "sellingGeneralAndAdministrative": "2102000000",
      "researchAndDevelopment": "None",
      "operatingExpenses": "2102000000",
      "investmentIncomeNet": "None",
      "netInterestIncome": "169000000",
      "interestIncome": "364000000",
      "interestExpense": "195000000",
      "nonInterestIncome": "None",
      "otherNonOperatingIncome": "635000000",
      "depreciation": "None",
      "depreciationAndAmortization": "3407000000",
      "incomeBeforeTax": "2927000000",
      "incomeTaxExpense": "524000000",
      "interestAndDebtExpense": "None",
      "netIncomeFromContinuingOperations": "2403000000",
      "comprehensiveIncomeNetOfTax": "None",
      "ebit": "3111000000",
      "ebitda": "6518000000",
      "netIncome": "2418000000"
    },
    {
      "fiscalDateEnding": "2019-03-31",
      "reportedCurrency": "USD",
      "grossProfit": "3343000000",
      "totalRevenue": "34878000000",
      "costOfRevenue": "31535000000",
      "costofGoodsAndServicesSold": "31535000000",
      "operatingIncome": "1244000000",
      "sellingGeneralAndAdministrative": "2099000000",
      "researchAndDevelopment": "None",
      "operatingExpenses": "2099000000",
      "investmentIncomeNet": "None",
      "netInterestIncome": "624000000",
      "interestIncome": "805000000",
      "interestExpense": "181000000",
      "nonInterestIncome": "None",
      "otherNonOperatingIncome": "1219000000",
      "depreciation": "None",
      "depreciationAndAmortization": "4116000000",
      "incomeBeforeTax": "2282000000",
      "incomeTaxExpense": "137000000",
      "interestAndDebtExpense": "None",
      "netIncomeFromContinuingOperations": "2145000000",
      "comprehensiveIncomeNetOfTax": "None",
      "ebit": "2456000000",
      "ebitda": "6572000000",
      "netIncome": "2157000000"
    },
    {
      "fiscalDateEnding": "2018-12-31",
      "reportedCurrency": "USD",
      "grossProfit": "3307000000",
      "totalRevenue": "38399000000",
      "costOfRevenue": "35092000000",
      "costofGoodsAndServicesSold": "35092000000",
      "operatingIncome": "829000000",
      "sellingGeneralAndAdministrative": "2478000000",
      "researchAndDevelopment": "7800000000",
      "operatingExpenses": "2478000000",
      "investmentIncomeNet": "None",
      "netInterestIncome": "None",
      "interestIncome": "None",
      "interestExpense": "68000000",
      "nonInterestIncome": "None",
      "otherNonOperatingIncome": "814000000",
      "depreciation": "None",
      "depreciationAndAmortization": "3646000000",
      "incomeBeforeTax": "1458000000",
      "incomeTaxExpense": "-611000000",
      "interestAndDebtExpense": "None",
      "netIncomeFromContinuingOperations": "2069000000",
      "comprehensiveIncomeNetOfTax": "None",
      "ebit": "1638000000",
      "ebitda": "5284000000",
      "netIncome": "2044000000"
    },
    {
      "fiscalDateEnding": "2018-09-30",
      "reportedCurrency": "USD",
      "grossProfit": "4194000000",
      "totalRevenue": "35791000000",
      "costOfRevenue": "31597000000",
      "costofGoodsAndServicesSold": "31597000000",
      "operatingIncome": "1610000000",
      "sellingGeneralAndAdministrative": "2584000000",
      "researchAndDevelopment": "0",
      "operatingExpenses": "2584000000",
      "investmentIncomeNet": "None",
      "netInterestIncome": "None",
      "interestIncome": "None",
      "interestExpense": "161000000",
      "nonInterestIncome": "None",
      "otherNonOperatingIncome": "1181000000",
      "depreciation": "None",
      "depreciationAndAmortization": "3313000000",
      "incomeBeforeTax": "2630000000",
      "incomeTaxExpense": "100000000",
      "interestAndDebtExpense": "None",
      "netIncomeFromContinuingOperations": "2530000000",
      "comprehensiveIncomeNetOfTax": "None",
      "ebit": "2783000000",
      "ebitda": "6096000000",
      "netIncome": "2534000000"
    },
    {
      "fiscalDateEnding": "2018-06-30",
      "reportedCurrency": "USD",
      "grossProfit": "3693000000",
      "totalRevenue": "36760000000",
      "costOfRevenue": "33067000000",
      "costofGoodsAndServicesSold": "33067000000",
      "operatingIncome": "1477000000",
      "sellingGeneralAndAdministrative": "2216000000",
      "researchAndDevelopment": "0",
      "operatingExpenses": "2216000000",
      "investmentIncomeNet": "None",
      "netInterestIncome": "None",
      "interestIncome": "None",
      "interestExpense": "159000000",
      "nonInterestIncome": "None",
      "otherNonOperatingIncome": "1567000000",
      "depreciation": "None",
      "depreciationAndAmortization": "3129000000",
      "incomeBeforeTax": "2885000000",
      "incomeTaxExpense": "519000000",
      "interestAndDebtExpense": "None",
      "netIncomeFromContinuingOperations": "2366000000",
      "comprehensiveIncomeNetOfTax": "None",
      "ebit": "3014000000",
      "ebitda": "6143000000",
      "netIncome": "2390000000"
    },
    {
      "fiscalDateEnding": "2018-03-31",
      "reportedCurrency": "USD",
      "grossProfit": "2901000000",
      "totalRevenue": "36099000000",
      "costOfRevenue": "33198000000",
      "costofGoodsAndServicesSold": "33198000000",
      "operatingIncome": "529000000",
      "sellingGeneralAndAdministrative": "2372000000",
      "researchAndDevelopment": "0",
      "operatingExpenses": "2372000000",
      "investmentIncomeNet": "None",
      "netInterestIncome": "None",
      "interestIncome": "None",
      "interestExpense": "150000000",
      "nonInterestIncome": "None",
      "otherNonOperatingIncome": "1197000000",
      "depreciation": "None",
      "depreciationAndAmortization": "3581000000",
      "incomeBeforeTax": "1576000000",
      "incomeTaxExpense": "466000000",
      "interestAndDebtExpense": "None",
      "netIncomeFromContinuingOperations": "1110000000",
      "comprehensiveIncomeNetOfTax": "None",
      "ebit": "1242000000",
      "ebitda": "4823000000",
      "netIncome": "1046000000"
    },
    {
      "fiscalDateEnding": "2017-12-31",
      "reportedCurrency": "USD",
      "grossProfit": "5012000000",
      "totalRevenue": "37715000000",
      "costOfRevenue": "32703000000",
      "costofGoodsAndServicesSold": "32703000000",
      "operatingIncome": "2578000000",
      "sellingGeneralAndAdministrative": "2434000000",
      "researchAndDevelopment": "7300000000",
      "operatingExpenses": "2434000000",
      "investmentIncomeNet": "None",
      "netInterestIncome": "None",
      "interestIncome": "None",
      "interestExpense": "145000000",
      "nonInterestIncome": "None",
      "otherNonOperatingIncome": "560000000",
      "depreciation": "None",
      "depreciationAndAmortization": "3177000000",
      "incomeBeforeTax": "2993000000",
      "incomeTaxExpense": "7896000000",
      "interestAndDebtExpense": "None",
      "netIncomeFromContinuingOperations": "-4834000000",
      "comprehensiveIncomeNetOfTax": "None",
      "ebit": "3409000000",
      "ebitda": "6586000000",
      "netIncome": "-5151000000"
    },
    {
      "fiscalDateEnding": "2017-09-30",
      "reportedCurrency": "USD",
      "grossProfit": "4220000000",
      "totalRevenue": "33623000000",
      "costOfRevenue": "29403000000",
      "costofGoodsAndServicesSold": "29403000000",
      "operatingIncome": "1916000000",
      "sellingGeneralAndAdministrative": "2304000000",
      "researchAndDevelopment": "0",
      "operatingExpenses": "2304000000",
      "investmentIncomeNet": "None",
      "netInterestIncome": "None",
      "interestIncome": "None",
      "interestExpense": "151000000",
      "nonInterestIncome": "None",
      "otherNonOperatingIncome": "665000000",
      "depreciation": "None",
      "depreciationAndAmortization": "3147000000",
      "incomeBeforeTax": "2430000000",
      "incomeTaxExpense": "2316000000",
      "interestAndDebtExpense": "None",
      "netIncomeFromContinuingOperations": "114000000",
      "comprehensiveIncomeNetOfTax": "None",
      "ebit": "2564000000",
      "ebitda": "5711000000",
      "netIncome": "-2981000000"
    },
    {
      "fiscalDateEnding": "2017-06-30",
      "reportedCurrency": "USD",
      "grossProfit": "5097000000",
      "totalRevenue": "36984000000",
      "costOfRevenue": "31887000000",
      "costofGoodsAndServicesSold": "31887000000",
      "operatingIncome": "2618000000",
      "sellingGeneralAndAdministrative": "2479000000",
      "researchAndDevelopment": "0",
      "operatingExpenses": "2479000000",
      "investmentIncomeNet": "None",
      "netInterestIncome": "None",
      "interestIncome": "None",
      "interestExpense": "181000000",
      "nonInterestIncome": "None",
      "otherNonOperatingIncome": "481000000",
      "depreciation": "None",
      "depreciationAndAmortization": "3054000000",
      "incomeBeforeTax": "2967000000",
      "incomeTaxExpense": "534000000",
      "interestAndDebtExpense": "None",
      "netIncomeFromContinuingOperations": "2433000000",
      "comprehensiveIncomeNetOfTax": "None",
      "ebit": "3006000000",
      "ebitda": "6060000000",
      "netIncome": "1660000000"
    },
    {
      "fiscalDateEnding": "2017-03-31",
      "reportedCurrency": "USD",
      "grossProfit": "5429000000",
      "totalRevenue": "41200000000",
      "costOfRevenue": "35771000000",
      "costofGoodsAndServicesSold": "35771000000",
      "operatingIncome": "2745000000",
      "sellingGeneralAndAdministrative": "2684000000",
      "researchAndDevelopment": "0",
      "operatingExpenses": "2684000000",
      "investmentIncomeNet": "None",
      "netInterestIncome": "None",
      "interestIncome": "None",
      "interestExpense": "144000000",
      "nonInterestIncome": "None",
      "otherNonOperatingIncome": "716000000",
      "depreciation": "None",
      "depreciationAndAmortization": "2883000000",
      "incomeBeforeTax": "3317000000",
      "incomeTaxExpense": "700000000",
      "interestAndDebtExpense": "None",
      "netIncomeFromContinuingOperations": "2617000000",
      "comprehensiveIncomeNetOfTax": "None",
      "ebit": "3403000000",
      "ebitda": "6286000000",
      "netIncome": "2608000000"
    },
    {
      "fiscalDateEnding": "2016-12-31",
      "reportedCurrency": "USD",
      "grossProfit": "4841000000",
      "totalRevenue": "43918000000",
      "costOfRevenue": "39077000000",
      "costofGoodsAndServicesSold": "39077000000",
      "operatingIncome": "1520000000",
      "sellingGeneralAndAdministrative": "3321000000",
      "researchAndDevelopment": "6600000000",
      "operatingExpenses": "3321000000",
      "investmentIncomeNet": "None",
      "netInterestIncome": "None",
      "interestIncome": "None",
      "interestExpense": "105000000",
      "nonInterestIncome": "None",
      "otherNonOperatingIncome": "615000000",
      "depreciation": "None",
      "depreciationAndAmortization": "2851000000",
      "incomeBeforeTax": "1985000000",
      "incomeTaxExpense": "210000000",
      "interestAndDebtExpense": "None",
      "netIncomeFromContinuingOperations": "1775000000",
      "comprehensiveIncomeNetOfTax": "None",
      "ebit": "2072000000",
      "ebitda": "4923000000",
      "netIncome": "1835000000"
    },
    {
      "fiscalDateEnding": "2016-09-30",
      "reportedCurrency": "USD",
      "grossProfit": "5741000000",
      "totalRevenue": "42825000000",
      "costOfRevenue": "37084000000",
      "costofGoodsAndServicesSold": "37084000000",
      "operatingIncome": "3017000000",
      "sellingGeneralAndAdministrative": "2724000000",
      "researchAndDevelopment": "0",
      "operatingExpenses": "2724000000",
      "investmentIncomeNet": "None",
      "netInterestIncome": "None",
      "interestIncome": "None",
      "interestExpense": "148000000",
      "nonInterestIncome": "None",
      "otherNonOperatingIncome": "619000000",
      "depreciation": "None",
      "depreciationAndAmortization": "2686000000",
      "incomeBeforeTax": "3488000000",
      "incomeTaxExpense": "776000000",
      "interestAndDebtExpense": "None",
      "netIncomeFromContinuingOperations": "2712000000",
      "comprehensiveIncomeNetOfTax": "None",
      "ebit": "3601000000",
      "ebitda": "6287000000",
      "netIncome": "2773000000"
    },
    {
      "fiscalDateEnding": "2016-06-30",
      "reportedCurrency": "USD",
      "grossProfit": "5883000000",
      "totalRevenue": "42372000000",
      "costOfRevenue": "36489000000",
      "costofGoodsAndServicesSold": "36489000000",
      "operatingIncome": "3036000000",
      "sellingGeneralAndAdministrative": "2847000000",
      "researchAndDevelopment": "0",
      "operatingExpenses": "2847000000",
      "investmentIncomeNet": "None",
      "netInterestIncome": "None",
      "interestIncome": "None",
      "interestExpense": "147000000",
      "nonInterestIncome": "None",
      "otherNonOperatingIncome": "832000000",
      "depreciation": "None",
      "depreciationAndAmortization": "2579000000",
      "incomeBeforeTax": "3721000000",
      "incomeTaxExpense": "871000000",
      "interestAndDebtExpense": "None",
      "netIncomeFromContinuingOperations": "2850000000",
      "comprehensiveIncomeNetOfTax": "None",
      "ebit": "1289000000",
      "ebitda": "3868000000",
      "netIncome": "2866000000"
    },
    {
      "fiscalDateEnding": "2016-03-31",
      "reportedCurrency": "USD",
      "grossProfit": "4790000000",
      "totalRevenue": "37265000000",
      "costOfRevenue": "32475000000",
      "costofGoodsAndServicesSold": "32475000000",
      "operatingIncome": "1972000000",
      "sellingGeneralAndAdministrative": "2818000000",
      "researchAndDevelopment": "0",
      "operatingExpenses": "2818000000",
      "investmentIncomeNet": "None",
      "netInterestIncome": "None",
      "interestIncome": "None",
      "interestExpense": "127000000",
      "nonInterestIncome": "None",
      "otherNonOperatingIncome": "645000000",
      "depreciation": "None",
      "depreciationAndAmortization": "2292000000",
      "incomeBeforeTax": "2490000000",
      "incomeTaxExpense": "559000000",
      "interestAndDebtExpense": "None",
      "netIncomeFromContinuingOperations": "1931000000",
      "comprehensiveIncomeNetOfTax": "None",
      "ebit": "2617000000",
      "ebitda": "4909000000",
      "netIncome": "1953000000"
    },
    {
      "fiscalDateEnding": "2015-12-31",
      "reportedCurrency": "USD",
      "grossProfit": "4888000000",
      "totalRevenue": "39621000000",
      "costOfRevenue": "34733000000",
      "costofGoodsAndServicesSold": "34733000000",
      "operatingIncome": "1859000000",
      "sellingGeneralAndAdministrative": "3029000000",
      "researchAndDevelopment": "7500000000",
      "operatingExpenses": "3029000000",
      "investmentIncomeNet": "None",
      "netInterestIncome": "None",
      "interestIncome": "None",
      "interestExpense": "74000000",
      "nonInterestIncome": "None",
      "otherNonOperatingIncome": "1312000000",
      "depreciation": "None",
      "depreciationAndAmortization": "559000000",
      "incomeBeforeTax": "3058000000",
      "incomeTaxExpense": "-3168000000",
      "interestAndDebtExpense": "None",
      "netIncomeFromContinuingOperations": "6226000000",
      "comprehensiveIncomeNetOfTax": "None",
      "ebit": "2612000000",
      "ebitda": "3171000000",
      "netIncome": "6266000000"
    },
    {
      "fiscalDateEnding": "2015-09-30",
      "reportedCurrency": "USD",
      "grossProfit": "5279000000",
      "totalRevenue": "38843000000",
      "costOfRevenue": "33564000000",
      "costofGoodsAndServicesSold": "33564000000",
      "operatingIncome": "997000000",
      "sellingGeneralAndAdministrative": "4282000000",
      "researchAndDevelopment": "0",
      "operatingExpenses": "4282000000",
      "investmentIncomeNet": "None",
      "netInterestIncome": "None",
      "interestIncome": "None",
      "interestExpense": "112000000",
      "nonInterestIncome": "None",
      "otherNonOperatingIncome": "621000000",
      "depreciation": "None",
      "depreciationAndAmortization": "621000000",
      "incomeBeforeTax": "1506000000",
      "incomeTaxExpense": "165000000",
      "interestAndDebtExpense": "None",
      "netIncomeFromContinuingOperations": "1341000000",
      "comprehensiveIncomeNetOfTax": "None",
      "ebit": "2978000000",
      "ebitda": "3599000000",
      "netIncome": "1359000000"
    },
    {
      "fiscalDateEnding": "2015-06-30",
      "reportedCurrency": "USD",
      "grossProfit": "4265000000",
      "totalRevenue": "38180000000",
      "costOfRevenue": "33915000000",
      "costofGoodsAndServicesSold": "33915000000",
      "operatingIncome": "1288000000",
      "sellingGeneralAndAdministrative": "2977000000",
      "researchAndDevelopment": "0",
      "operatingExpenses": "2977000000",
      "investmentIncomeNet": "None",
      "netInterestIncome": "None",
      "interestIncome": "None",
      "interestExpense": "108000000",
      "nonInterestIncome": "None",
      "otherNonOperatingIncome": "537000000",
      "depreciation": "None",
      "depreciationAndAmortization": "537000000",
      "incomeBeforeTax": "1717000000",
      "incomeTaxExpense": "577000000",
      "interestAndDebtExpense": "None",
      "netIncomeFromContinuingOperations": "1140000000",
      "comprehensiveIncomeNetOfTax": "None",
      "ebit": "1288000000",
      "ebitda": "1825000000",
      "netIncome": "1117000000"
    },
    {
      "fiscalDateEnding": "2015-03-31",
      "reportedCurrency": "USD",
      "grossProfit": "3870000000",
      "totalRevenue": "35712000000",
      "costOfRevenue": "31842000000",
      "costofGoodsAndServicesSold": "31842000000",
      "operatingIncome": "753000000",
      "sellingGeneralAndAdministrative": "3117000000",
      "researchAndDevelopment": "0",
      "operatingExpenses": "3117000000",
      "investmentIncomeNet": "None",
      "netInterestIncome": "None",
      "interestIncome": "None",
      "interestExpense": "110000000",
      "nonInterestIncome": "None",
      "otherNonOperatingIncome": "794000000",
      "depreciation": "None",
      "depreciationAndAmortization": "794000000",
      "incomeBeforeTax": "1437000000",
      "incomeTaxExpense": "529000000",
      "interestAndDebtExpense": "None",
      "netIncomeFromContinuingOperations": "908000000",
      "comprehensiveIncomeNetOfTax": "None",
      "ebit": "753000000",
      "ebitda": "1547000000",
      "netIncome": "945000000"
    },
    {
      "fiscalDateEnding": "2014-12-31",
      "reportedCurrency": "USD",
      "grossProfit": "4382000000",
      "totalRevenue": "39617000000",
      "costOfRevenue": "35235000000",
      "costofGoodsAndServicesSold": "35235000000",
      "operatingIncome": "1309000000",
      "sellingGeneralAndAdministrative": "2953000000",
      "researchAndDevelopment": "7400000000",
      "operatingExpenses": "2953000000",
      "investmentIncomeNet": "None",
      "netInterestIncome": "None",
      "interestIncome": "None",
      "interestExpense": "48000000",
      "nonInterestIncome": "None",
      "otherNonOperatingIncome": "None",
      "depreciation": "None",
      "depreciationAndAmortization": "463000000",
      "incomeBeforeTax": "2288000000",
      "incomeTaxExpense": "279000000",
      "interestAndDebtExpense": "None",
      "netIncomeFromContinuingOperations": "4018000000",
      "comprehensiveIncomeNetOfTax": "None",
      "ebit": "1309000000",
      "ebitda": "1772000000",
      "netIncome": "1987000000"
    },
    {
      "fiscalDateEnding": "2014-09-30",
      "reportedCurrency": "USD",
      "grossProfit": "4148000000",
      "totalRevenue": "39255000000",
      "costOfRevenue": "35107000000",
      "costofGoodsAndServicesSold": "35107000000",
      "operatingIncome": "1227000000",
      "sellingGeneralAndAdministrative": "2921000000",
      "researchAndDevelopment": "0",
      "operatingExpenses": "2921000000",
      "investmentIncomeNet": "None",
      "netInterestIncome": "None",
      "interestIncome": "None",
      "interestExpense": "96000000",
      "nonInterestIncome": "None",
      "otherNonOperatingIncome": "738000000",
      "depreciation": "None",
      "depreciationAndAmortization": "736000000",
      "incomeBeforeTax": "1869000000",
      "incomeTaxExpense": "427000000",
      "interestAndDebtExpense": "None",
      "netIncomeFromContinuingOperations": "1442000000",
      "comprehensiveIncomeNetOfTax": "None",
      "ebit": "1229000000",
      "ebitda": "1965000000",
      "netIncome": "1471000000"
    },
    {
      "fiscalDateEnding": "2014-06-30",
      "reportedCurrency": "USD",
      "grossProfit": "2872000000",
      "totalRevenue": "39649000000",
      "costOfRevenue": "36777000000",
      "costofGoodsAndServicesSold": "36777000000",
      "operatingIncome": "-471000000",
      "sellingGeneralAndAdministrative": "3343000000",
      "researchAndDevelopment": "0",
      "operatingExpenses": "3343000000",
      "investmentIncomeNet": "None",
      "netInterestIncome": "None",
      "interestIncome": "None",
      "interestExpense": "100000000",
      "nonInterestIncome": "None",
      "otherNonOperatingIncome": "604000000",
      "depreciation": "None",
      "depreciationAndAmortization": "604000000",
      "incomeBeforeTax": "33000000",
      "incomeTaxExpense": "-254000000",
      "interestAndDebtExpense": "None",
      "netIncomeFromContinuingOperations": "287000000",
      "comprehensiveIncomeNetOfTax": "None",
      "ebit": "-471000000",
      "ebitda": "133000000",
      "netIncome": "278000000"
    },
    {
      "fiscalDateEnding": "2014-03-31",
      "reportedCurrency": "USD",
      "grossProfit": "2406000000",
      "totalRevenue": "37408000000",
      "costOfRevenue": "35002000000",
      "costofGoodsAndServicesSold": "35002000000",
      "operatingIncome": "-535000000",
      "sellingGeneralAndAdministrative": "2941000000",
      "researchAndDevelopment": "0",
      "operatingExpenses": "2941000000",
      "investmentIncomeNet": "None",
      "netInterestIncome": "None",
      "interestIncome": "None",
      "interestExpense": "103000000",
      "nonInterestIncome": "None",
      "otherNonOperatingIncome": "None",
      "depreciation": "None",
      "depreciationAndAmortization": "694000000",
      "incomeBeforeTax": "56000000",
      "incomeTaxExpense": "-224000000",
      "interestAndDebtExpense": "None",
      "netIncomeFromContinuingOperations": "0",
      "comprehensiveIncomeNetOfTax": "None",
      "ebit": "-535000000",
      "ebitda": "159000000",
      "netIncome": "213000000"
    },
    {
      "fiscalDateEnding": "2013-12-31",
      "reportedCurrency": "USD",
      "grossProfit": "4275000000",
      "totalRevenue": "40485000000",
      "costOfRevenue": "36210000000",
      "costofGoodsAndServicesSold": "36210000000",
      "operatingIncome": "165000000",
      "sellingGeneralAndAdministrative": "3629000000",
      "researchAndDevelopment": "7200000000",
      "operatingExpenses": "3629000000",
      "investmentIncomeNet": "None",
      "netInterestIncome": "None",
      "interestIncome": "None",
      "interestExpense": "117000000",
      "nonInterestIncome": "None",
      "otherNonOperatingIncome": "-671000000",
      "depreciation": "None",
      "depreciationAndAmortization": "2393000000",
      "incomeBeforeTax": "2607000000",
      "incomeTaxExpense": "134000000",
      "interestAndDebtExpense": "None",
      "netIncomeFromContinuingOperations": "2473000000",
      "comprehensiveIncomeNetOfTax": "None",
      "ebit": "331000000",
      "ebitda": "2724000000",
      "netIncome": "1040000000"
    },
    {
      "fiscalDateEnding": "2013-09-30",
      "reportedCurrency": "USD",
      "grossProfit": "5192000000",
      "totalRevenue": "38983000000",
      "costOfRevenue": "33791000000",
      "costofGoodsAndServicesSold": "33791000000",
      "operatingIncome": "2256000000",
      "sellingGeneralAndAdministrative": "2876000000",
      "researchAndDevelopment": "0",
      "operatingExpenses": "2876000000",
      "investmentIncomeNet": "None",
      "netInterestIncome": "None",
      "interestIncome": "None",
      "interestExpense": "147000000",
      "nonInterestIncome": "None",
      "otherNonOperatingIncome": "356000000",
      "depreciation": "None",
      "depreciationAndAmortization": "60000000",
      "incomeBeforeTax": "2111000000",
      "incomeTaxExpense": "842000000",
      "interestAndDebtExpense": "None",
      "netIncomeFromContinuingOperations": "1269000000",
      "comprehensiveIncomeNetOfTax": "None",
      "ebit": "2196000000",
      "ebitda": "2256000000",
      "netIncome": "1717000000"
    },
    {
      "fiscalDateEnding": "2013-06-30",
      "reportedCurrency": "USD",
      "grossProfit": "4676000000",
      "totalRevenue": "39075000000",
      "costOfRevenue": "34399000000",
      "costofGoodsAndServicesSold": "34399000000",
      "operatingIncome": "1751000000",
      "sellingGeneralAndAdministrative": "2925000000",
      "researchAndDevelopment": "0",
      "operatingExpenses": "2925000000",
      "investmentIncomeNet": "None",
      "netInterestIncome": "None",
      "interestIncome": "None",
      "interestExpense": "61000000",
      "nonInterestIncome": "None",
      "otherNonOperatingIncome": "440000000",
      "depreciation": "None",
      "depreciationAndAmortization": "251000000",
      "incomeBeforeTax": "1701000000",
      "incomeTaxExpense": "742000000",
      "interestAndDebtExpense": "None",
      "netIncomeFromContinuingOperations": "959000000",
      "comprehensiveIncomeNetOfTax": "None",
      "ebit": "1940000000",
      "ebitda": "2191000000",
      "netIncome": "1414000000"
    },
    {
      "fiscalDateEnding": "2013-03-31",
      "reportedCurrency": "USD",
      "grossProfit": "3911000000",
      "totalRevenue": "36884000000",
      "costOfRevenue": "32973000000",
      "costofGoodsAndServicesSold": "32973000000",
      "operatingIncome": "959000000",
      "sellingGeneralAndAdministrative": "2939000000",
      "researchAndDevelopment": "0",
      "operatingExpenses": "2952000000",
      "investmentIncomeNet": "None",
      "netInterestIncome": "None",
      "interestIncome": "None",
      "interestExpense": "91000000",
      "nonInterestIncome": "None",
      "otherNonOperatingIncome": "726000000",
      "depreciation": "None",
      "depreciationAndAmortization": "171000000",
      "incomeBeforeTax": "1039000000",
      "incomeTaxExpense": "409000000",
      "interestAndDebtExpense": "None",
      "netIncomeFromContinuingOperations": "630000000",
      "comprehensiveIncomeNetOfTax": "None",
      "ebit": "1514000000",
      "ebitda": "1685000000",
      "netIncome": "1175000000"
    },
    {
      "fiscalDateEnding": "2012-12-31",
      "reportedCurrency": "USD",
      "grossProfit": "-2986000000",
      "totalRevenue": "39307000000",
      "costOfRevenue": "42293000000",
      "costofGoodsAndServicesSold": "42293000000",
      "operatingIncome": "-34783000000",
      "sellingGeneralAndAdministrative": "4909000000",
      "researchAndDevelopment": "7400000000",
      "operatingExpenses": "5347000000",
      "investmentIncomeNet": "None",
      "netInterestIncome": "None",
      "interestIncome": "None",
      "interestExpense": "133000000",
      "nonInterestIncome": "None",
      "otherNonOperatingIncome": "None",
      "depreciation": "None",
      "depreciationAndAmortization": "26528000000",
      "incomeBeforeTax": "-35035000000",
      "incomeTaxExpense": "-35645000000",
      "interestAndDebtExpense": "None",
      "netIncomeFromContinuingOperations": "0",
      "comprehensiveIncomeNetOfTax": "None",
      "ebit": "-61430000000",
      "ebitda": "-34902000000",
      "netIncome": "1194000000"
    },
    {
      "fiscalDateEnding": "2012-09-30",
      "reportedCurrency": "USD",
      "grossProfit": "4530000000",
      "totalRevenue": "37576000000",
      "costOfRevenue": "33046000000",
      "costofGoodsAndServicesSold": "33046000000",
      "operatingIncome": "1603000000",
      "sellingGeneralAndAdministrative": "2849000000",
      "researchAndDevelopment": "0",
      "operatingExpenses": "2849000000",
      "investmentIncomeNet": "None",
      "netInterestIncome": "None",
      "interestIncome": "None",
      "interestExpense": "128000000",
      "nonInterestIncome": "None",
      "otherNonOperatingIncome": "318000000",
      "depreciation": "None",
      "depreciationAndAmortization": "396000000",
      "incomeBeforeTax": "1793000000",
      "incomeTaxExpense": "-357000000",
      "interestAndDebtExpense": "None",
      "netIncomeFromContinuingOperations": "1436000000",
      "comprehensiveIncomeNetOfTax": "None",
      "ebit": "1525000000",
      "ebitda": "1921000000",
      "netIncome": "1833000000"
    },
    {
      "fiscalDateEnding": "2012-06-30",
      "reportedCurrency": "USD",
      "grossProfit": "4668000000",
      "totalRevenue": "37614000000",
      "costOfRevenue": "32946000000",
      "costofGoodsAndServicesSold": "32946000000",
      "operatingIncome": "1821000000",
      "sellingGeneralAndAdministrative": "2847000000",
      "researchAndDevelopment": "0",
      "operatingExpenses": "2847000000",
      "investmentIncomeNet": "None",
      "netInterestIncome": "None",
      "interestIncome": "None",
      "interestExpense": "118000000",
      "nonInterestIncome": "None",
      "otherNonOperatingIncome": "139000000",
      "depreciation": "None",
      "depreciationAndAmortization": "139000000",
      "incomeBeforeTax": "1842000000",
      "incomeTaxExpense": "-241000000",
      "interestAndDebtExpense": "None",
      "netIncomeFromContinuingOperations": "1601000000",
      "comprehensiveIncomeNetOfTax": "None",
      "ebit": "1821000000",
      "ebitda": "1960000000",
      "netIncome": "1846000000"
    },
    {
      "fiscalDateEnding": "2012-03-31",
      "reportedCurrency": "USD",
      "grossProfit": "4601000000",
      "totalRevenue": "37759000000",
      "costOfRevenue": "33158000000",
      "costofGoodsAndServicesSold": "33158000000",
      "operatingIncome": "996000000",
      "sellingGeneralAndAdministrative": "2988000000",
      "researchAndDevelopment": "0",
      "operatingExpenses": "2988000000",
      "investmentIncomeNet": "None",
      "netInterestIncome": "None",
      "interestIncome": "None",
      "interestExpense": "110000000",
      "nonInterestIncome": "None",
      "otherNonOperatingIncome": "257000000",
      "depreciation": "None",
      "depreciationAndAmortization": "892000000",
      "incomeBeforeTax": "1143000000",
      "incomeTaxExpense": "216000000",
      "interestAndDebtExpense": "None",
      "netIncomeFromContinuingOperations": "927000000",
      "comprehensiveIncomeNetOfTax": "None",
      "ebit": "361000000",
      "ebitda": "1253000000",
      "netIncome": "1315000000"
    },
    {
      "fiscalDateEnding": "2011-12-31",
      "reportedCurrency": "USD",
      "grossProfit": "4594000000",
      "totalRevenue": "37990000000",
      "costOfRevenue": "33396000000",
      "costofGoodsAndServicesSold": "33396000000",
      "operatingIncome": "450000000",
      "sellingGeneralAndAdministrative": "3253000000",
      "researchAndDevelopment": "8124000000",
      "operatingExpenses": "3253000000",
      "investmentIncomeNet": "None",
      "netInterestIncome": "None",
      "interestIncome": "None",
      "interestExpense": "135000000",
      "nonInterestIncome": "None",
      "otherNonOperatingIncome": "None",
      "depreciation": "None",
      "depreciationAndAmortization": "678000000",
      "incomeBeforeTax": "165000000",
      "incomeTaxExpense": "-73000000",
      "interestAndDebtExpense": "None",
      "netIncomeFromContinuingOperations": "0",
      "comprehensiveIncomeNetOfTax": "None",
      "ebit": "450000000",
      "ebitda": "1128000000",
      "netIncome": "725000000"
    },
    {
      "fiscalDateEnding": "2011-09-30",
      "reportedCurrency": "USD",
      "grossProfit": "4773000000",
      "totalRevenue": "36719000000",
      "costOfRevenue": "31946000000",
      "costofGoodsAndServicesSold": "31946000000",
      "operatingIncome": "1806000000",
      "sellingGeneralAndAdministrative": "2967000000",
      "researchAndDevelopment": "0",
      "operatingExpenses": "2967000000",
      "investmentIncomeNet": "None",
      "netInterestIncome": "None",
      "interestIncome": "None",
      "interestExpense": "101000000",
      "nonInterestIncome": "None",
      "otherNonOperatingIncome": "117000000",
      "depreciation": "None",
      "depreciationAndAmortization": "152000000",
      "incomeBeforeTax": "1822000000",
      "incomeTaxExpense": "107000000",
      "interestAndDebtExpense": "None",
      "netIncomeFromContinuingOperations": "1715000000",
      "comprehensiveIncomeNetOfTax": "None",
      "ebit": "1771000000",
      "ebitda": "1923000000",
      "netIncome": "2107000000"
    },
    {
      "fiscalDateEnding": "2011-06-30",
      "reportedCurrency": "USD",
      "grossProfit": "5394000000",
      "totalRevenue": "39373000000",
      "costOfRevenue": "33979000000",
      "costofGoodsAndServicesSold": "33979000000",
      "operatingIncome": "2451000000",
      "sellingGeneralAndAdministrative": "2943000000",
      "researchAndDevelopment": "0",
      "operatingExpenses": "2943000000",
      "investmentIncomeNet": "None",
      "netInterestIncome": "None",
      "interestIncome": "None",
      "interestExpense": "155000000",
      "nonInterestIncome": "None",
      "otherNonOperatingIncome": "298000000",
      "depreciation": "None",
      "depreciationAndAmortization": "308000000",
      "incomeBeforeTax": "2594000000",
      "incomeTaxExpense": "-61000000",
      "interestAndDebtExpense": "None",
      "netIncomeFromContinuingOperations": "2655000000",
      "comprehensiveIncomeNetOfTax": "None",
      "ebit": "2441000000",
      "ebitda": "2749000000",
      "netIncome": "2992000000"
    },
    {
      "fiscalDateEnding": "2011-03-31",
      "reportedCurrency": "USD",
      "grossProfit": "4344000000",
      "totalRevenue": "36194000000",
      "costOfRevenue": "31850000000",
      "costofGoodsAndServicesSold": "31850000000",
      "operatingIncome": "949000000",
      "sellingGeneralAndAdministrative": "3000000000",
      "researchAndDevelopment": "0",
      "operatingExpenses": "3000000000",
      "investmentIncomeNet": "None",
      "netInterestIncome": "None",
      "interestIncome": "None",
      "interestExpense": "149000000",
      "nonInterestIncome": "None",
      "otherNonOperatingIncome": "None",
      "depreciation": "None",
      "depreciationAndAmortization": "999000000",
      "incomeBeforeTax": "1404000000",
      "incomeTaxExpense": "137000000",
      "interestAndDebtExpense": "None",
      "netIncomeFromContinuingOperations": "0",
      "comprehensiveIncomeNetOfTax": "None",
      "ebit": "554000000",
      "ebitda": "1553000000",
      "netIncome": "3366000000"
    },
    {
      "fiscalDateEnding": "2010-12-31",
      "reportedCurrency": "USD",
      "grossProfit": "3908000000",
      "totalRevenue": "36882000000",
      "costOfRevenue": "32974000000",
      "costofGoodsAndServicesSold": "32974000000",
      "operatingIncome": "324000000",
      "sellingGeneralAndAdministrative": "3699000000",
      "researchAndDevelopment": "6962000000",
      "operatingExpenses": "3584000000",
      "investmentIncomeNet": "None",
      "netInterestIncome": "None",
      "interestIncome": "None",
      "interestExpense": "248000000",
      "nonInterestIncome": "None",
      "otherNonOperatingIncome": "None",
      "depreciation": "None",
      "depreciationAndAmortization": "950000000",
      "incomeBeforeTax": "1026000000",
      "incomeTaxExpense": "-173000000",
      "interestAndDebtExpense": "None",
      "netIncomeFromContinuingOperations": "0",
      "comprehensiveIncomeNetOfTax": "None",
      "ebit": "324000000",
      "ebitda": "1274000000",
      "netIncome": "1406000000"
    },
    {
      "fiscalDateEnding": "2010-09-30",
      "reportedCurrency": "USD",
      "grossProfit": "4473000000",
      "totalRevenue": "34060000000",
      "costOfRevenue": "29587000000",
      "costofGoodsAndServicesSold": "29587000000",
      "operatingIncome": "1733000000",
      "sellingGeneralAndAdministrative": "2740000000",
      "researchAndDevelopment": "0",
      "operatingExpenses": "2740000000",
      "investmentIncomeNet": "None",
      "netInterestIncome": "None",
      "interestIncome": "None",
      "interestExpense": "263000000",
      "nonInterestIncome": "None",
      "otherNonOperatingIncome": "None",
      "depreciation": "None",
      "depreciationAndAmortization": "377000000",
      "incomeBeforeTax": "1847000000",
      "incomeTaxExpense": "-25000000",
      "interestAndDebtExpense": "None",
      "netIncomeFromContinuingOperations": "0",
      "comprehensiveIncomeNetOfTax": "None",
      "ebit": "1733000000",
      "ebitda": "2110000000",
      "netIncome": "2162000000"
    },
    {
      "fiscalDateEnding": "2010-06-30",
      "reportedCurrency": "USD",
      "grossProfit": "4565000000",
      "totalRevenue": "33174000000",
      "costOfRevenue": "28609000000",
      "costofGoodsAndServicesSold": "28609000000",
      "operatingIncome": "1903000000",
      "sellingGeneralAndAdministrative": "2662000000",
      "researchAndDevelopment": "0",
      "operatingExpenses": "2662000000",
      "investmentIncomeNet": "None",
      "netInterestIncome": "None",
      "interestIncome": "None",
      "interestExpense": "250000000",
      "nonInterestIncome": "None",
      "otherNonOperatingIncome": "None",
      "depreciation": "None",
      "depreciationAndAmortization": "None",
      "incomeBeforeTax": "1562000000",
      "incomeTaxExpense": "361000000",
      "interestAndDebtExpense": "None",
      "netIncomeFromContinuingOperations": "0",
      "comprehensiveIncomeNetOfTax": "None",
      "ebit": "1562000000",
      "ebitda": "1903000000",
      "netIncome": "1536000000"
    },
    {
      "fiscalDateEnding": "2010-03-31",
      "reportedCurrency": "USD",
      "grossProfit": "3885000000",
      "totalRevenue": "31476000000",
      "costOfRevenue": "27591000000",
      "costofGoodsAndServicesSold": "27591000000",
      "operatingIncome": "1155000000",
      "sellingGeneralAndAdministrative": "2684000000",
      "researchAndDevelopment": "0",
      "operatingExpenses": "2684000000",
      "investmentIncomeNet": "None",
      "netInterestIncome": "None",
      "interestIncome": "None",
      "interestExpense": "337000000",
      "nonInterestIncome": "None",
      "otherNonOperatingIncome": "None",
      "depreciation": "None",
      "depreciationAndAmortization": "531000000",
      "incomeBeforeTax": "1302000000",
      "incomeTaxExpense": "509000000",
      "interestAndDebtExpense": "None",
      "netIncomeFromContinuingOperations": "0",
      "comprehensiveIncomeNetOfTax": "None",
      "ebit": "1108000000",
      "ebitda": "1639000000",
      "netIncome": "1068000000"
    },
    {
      "fiscalDateEnding": "2009-12-31",
      "reportedCurrency": "USD",
      "grossProfit": "-500000000",
      "totalRevenue": "32327000000",
      "costOfRevenue": "32827000000",
      "costofGoodsAndServicesSold": "32827000000",
      "operatingIncome": "-3925000000",
      "sellingGeneralAndAdministrative": "3370000000",
      "researchAndDevelopment": "6051000000",
      "operatingExpenses": "3337000000",
      "investmentIncomeNet": "None",
      "netInterestIncome": "None",
      "interestIncome": "None",
      "interestExpense": "329000000",
      "nonInterestIncome": "None",
      "otherNonOperatingIncome": "None",
      "depreciation": "None",
      "depreciationAndAmortization": "None",
      "incomeBeforeTax": "-4369000000",
      "incomeTaxExpense": "-861000000",
      "interestAndDebtExpense": "None",
      "netIncomeFromContinuingOperations": "0",
      "comprehensiveIncomeNetOfTax": "None",
      "ebit": "0",
      "ebitda": "-3971000000",
      "netIncome": "-3439000000"
    },
    {
      "fiscalDateEnding": "2009-09-30",
      "reportedCurrency": "USD",
      "grossProfit": "1411000000",
      "totalRevenue": "26784000000",
      "costOfRevenue": "25373000000",
      "costofGoodsAndServicesSold": "25373000000",
      "operatingIncome": "-1994000000",
      "sellingGeneralAndAdministrative": "3364000000",
      "researchAndDevelopment": "0",
      "operatingExpenses": "3405000000",
      "investmentIncomeNet": "None",
      "netInterestIncome": "None",
      "interestIncome": "None",
      "interestExpense": "1188000000",
      "nonInterestIncome": "None",
      "otherNonOperatingIncome": "None",
      "depreciation": "None",
      "depreciationAndAmortization": "None",
      "incomeBeforeTax": "126603000000",
      "incomeTaxExpense": "-746000000",
      "interestAndDebtExpense": "None",
      "netIncomeFromContinuingOperations": "0",
      "comprehensiveIncomeNetOfTax": "None",
      "ebit": "0",
      "ebitda": "127582000000",
      "netIncome": "127140000000"
    },
    {
      "fiscalDateEnding": "2009-06-30",
      "reportedCurrency": "USD",
      "grossProfit": "-6337000000",
      "totalRevenue": "23047000000",
      "costOfRevenue": "29384000000",
      "costofGoodsAndServicesSold": "29384000000",
      "operatingIncome": "-9442000000",
      "sellingGeneralAndAdministrative": "2908000000",
      "researchAndDevelopment": "0",
      "operatingExpenses": "4090000000",
      "investmentIncomeNet": "None",
      "netInterestIncome": "None",
      "interestIncome": "None",
      "interestExpense": "3375000000",
      "nonInterestIncome": "None",
      "otherNonOperatingIncome": "None",
      "depreciation": "None",
      "depreciationAndAmortization": "1303000000",
      "incomeBeforeTax": "-13680000000",
      "incomeTaxExpense": "-445000000",
      "interestAndDebtExpense": "None",
      "netIncomeFromContinuingOperations": "0",
      "comprehensiveIncomeNetOfTax": "None",
      "ebit": "-9442000000",
      "ebitda": "-8139000000",
      "netIncome": "-12905000000"
    },
    {
      "fiscalDateEnding": "2009-03-31",
      "reportedCurrency": "USD",
      "grossProfit": "-2180000000",
      "totalRevenue": "22431000000",
      "costOfRevenue": "24611000000",
      "costofGoodsAndServicesSold": "24611000000",
      "operatingIncome": "-5662000000",
      "sellingGeneralAndAdministrative": "2525000000",
      "researchAndDevelopment": "0",
      "operatingExpenses": "2497000000",
      "investmentIncomeNet": "None",
      "netInterestIncome": "None",
      "interestIncome": "None",
      "interestExpense": "1230000000",
      "nonInterestIncome": "None",
      "otherNonOperatingIncome": "None",
      "depreciation": "None",
      "depreciationAndAmortization": "910000000",
      "incomeBeforeTax": "-6061000000",
      "incomeTaxExpense": "-114000000",
      "interestAndDebtExpense": "None",
      "netIncomeFromContinuingOperations": "0",
      "comprehensiveIncomeNetOfTax": "None",
      "ebit": "-5662000000",
      "ebitda": "-4752000000",
      "netIncome": "-5975000000"
    },
    {
      "fiscalDateEnding": "2008-12-31",
      "reportedCurrency": "USD",
      "grossProfit": "12750000000",
      "totalRevenue": "30778000000",
      "costOfRevenue": "28047000000",
      "costofGoodsAndServicesSold": "28047000000",
      "operatingIncome": "0",
      "sellingGeneralAndAdministrative": "3549000000",
      "researchAndDevelopment": "8012000000",
      "operatingExpenses": "0",
      "investmentIncomeNet": "None",
      "netInterestIncome": "None",
      "interestIncome": "None",
      "interestExpense": "308000000",
      "nonInterestIncome": "None",
      "otherNonOperatingIncome": "None",
      "depreciation": "None",
      "depreciationAndAmortization": "None",
      "incomeBeforeTax": "0",
      "incomeTaxExpense": "737000000",
      "interestAndDebtExpense": "None",
      "netIncomeFromContinuingOperations": "0",
      "comprehensiveIncomeNetOfTax": "None",
      "ebit": "0",
      "ebitda": "None",
      "netIncome": "0"
    },
    {
      "fiscalDateEnding": "2008-09-30",
      "reportedCurrency": "USD",
      "grossProfit": "0",
      "totalRevenue": "37808000000",
      "costOfRevenue": "35061000000",
      "costofGoodsAndServicesSold": "35061000000",
      "operatingIncome": "0",
      "sellingGeneralAndAdministrative": "3466000000",
      "researchAndDevelopment": "0",
      "operatingExpenses": "0",
      "investmentIncomeNet": "None",
      "netInterestIncome": "None",
      "interestIncome": "None",
      "interestExpense": "595000000",
      "nonInterestIncome": "None",
      "otherNonOperatingIncome": "None",
      "depreciation": "None",
      "depreciationAndAmortization": "None",
      "incomeBeforeTax": "0",
      "incomeTaxExpense": "68000000",
      "interestAndDebtExpense": "None",
      "netIncomeFromContinuingOperations": "0",
      "comprehensiveIncomeNetOfTax": "None",
      "ebit": "0",
      "ebitda": "None",
      "netIncome": "0"
    },
    {
      "fiscalDateEnding": "2008-06-30",
      "reportedCurrency": "USD",
      "grossProfit": "0",
      "totalRevenue": "38010000000",
      "costOfRevenue": "36093000000",
      "costofGoodsAndServicesSold": "36093000000",
      "operatingIncome": "-466000000",
      "sellingGeneralAndAdministrative": "3087000000",
      "researchAndDevelopment": "0",
      "operatingExpenses": "0",
      "investmentIncomeNet": "None",
      "netInterestIncome": "None",
      "interestIncome": "None",
      "interestExpense": "817000000",
      "nonInterestIncome": "None",
      "otherNonOperatingIncome": "None",
      "depreciation": "None",
      "depreciationAndAmortization": "None",
      "incomeBeforeTax": "0",
      "incomeTaxExpense": "308000000",
      "interestAndDebtExpense": "None",
      "netIncomeFromContinuingOperations": "0",
      "comprehensiveIncomeNetOfTax": "None",
      "ebit": "0",
      "ebitda": "None",
      "netIncome": "0"
    },
    {
      "fiscalDateEnding": "2008-03-31",
      "reportedCurrency": "USD",
      "grossProfit": "0",
      "totalRevenue": "42383000000",
      "costOfRevenue": "35599000000",
      "costofGoodsAndServicesSold": "35599000000",
      "operatingIncome": "466000000",
      "sellingGeneralAndAdministrative": "4089000000",
      "researchAndDevelopment": "0",
      "operatingExpenses": "0",
      "investmentIncomeNet": "None",
      "netInterestIncome": "None",
      "interestIncome": "None",
      "interestExpense": "805000000",
      "nonInterestIncome": "None",
      "otherNonOperatingIncome": "None",
      "depreciation": "None",
      "depreciationAndAmortization": "None",
      "incomeBeforeTax": "0",
      "incomeTaxExpense": "653000000",
      "interestAndDebtExpense": "None",
      "netIncomeFromContinuingOperations": "0",
      "comprehensiveIncomeNetOfTax": "None",
      "ebit": "0",
      "ebitda": "None",
      "netIncome": "0"
    },
    {
      "fiscalDateEnding": "2007-12-31",
      "reportedCurrency": "USD",
      "grossProfit": "23581000000",
      "totalRevenue": "46804000000",
      "costOfRevenue": "41364000000",
      "costofGoodsAndServicesSold": "41364000000",
      "operatingIncome": "0",
      "sellingGeneralAndAdministrative": "4207000000",
      "researchAndDevelopment": "8100000000",
      "operatingExpenses": "0",
      "investmentIncomeNet": "None",
      "netInterestIncome": "None",
      "interestIncome": "None",
      "interestExpense": "508000000",
      "nonInterestIncome": "None",
      "otherNonOperatingIncome": "None",
      "depreciation": "None",
      "depreciationAndAmortization": "None",
      "incomeBeforeTax": "0",
      "incomeTaxExpense": "-2024000000",
      "interestAndDebtExpense": "None",
      "netIncomeFromContinuingOperations": "0",
      "comprehensiveIncomeNetOfTax": "None",
      "ebit": "0",
      "ebitda": "None",
      "netIncome": "0"
    },
    {
      "fiscalDateEnding": "2007-09-30",
      "reportedCurrency": "USD",
      "grossProfit": "0",
      "totalRevenue": "43276000000",
      "costOfRevenue": "38435000000",
      "costofGoodsAndServicesSold": "38435000000",
      "operatingIncome": "-1131000000",
      "sellingGeneralAndAdministrative": "3601000000",
      "researchAndDevelopment": "0",
      "operatingExpenses": "0",
      "investmentIncomeNet": "None",
      "netInterestIncome": "None",
      "interestIncome": "None",
      "interestExpense": "945000000",
      "nonInterestIncome": "None",
      "otherNonOperatingIncome": "None",
      "depreciation": "None",
      "depreciationAndAmortization": "None",
      "incomeBeforeTax": "-621000000",
      "incomeTaxExpense": "39186000000",
      "interestAndDebtExpense": "None",
      "netIncomeFromContinuingOperations": "0",
      "comprehensiveIncomeNetOfTax": "None",
      "ebit": "0",
      "ebitda": "None",
      "netIncome": "-891000000"
    },
    {
      "fiscalDateEnding": "2007-06-30",
      "reportedCurrency": "USD",
      "grossProfit": "0",
      "totalRevenue": "46677000000",
      "costOfRevenue": "39795000000",
      "costofGoodsAndServicesSold": "39795000000",
      "operatingIncome": "1131000000",
      "sellingGeneralAndAdministrative": "3293000000",
      "researchAndDevelopment": "0",
      "operatingExpenses": "0",
      "investmentIncomeNet": "None",
      "netInterestIncome": "None",
      "interestIncome": "None",
      "interestExpense": "888000000",
      "nonInterestIncome": "None",
      "otherNonOperatingIncome": "None",
      "depreciation": "None",
      "depreciationAndAmortization": "None",
      "incomeBeforeTax": "621000000",
      "incomeTaxExpense": "0",
      "interestAndDebtExpense": "None",
      "netIncomeFromContinuingOperations": "0",
      "comprehensiveIncomeNetOfTax": "None",
      "ebit": "0",
      "ebitda": "None",
      "netIncome": "891000000"
    },
    {
      "fiscalDateEnding": "2007-03-31",
      "reportedCurrency": "USD",
      "grossProfit": "0",
      "totalRevenue": "43227000000",
      "costOfRevenue": "37207000000",
      "costofGoodsAndServicesSold": "37207000000",
      "operatingIncome": "348000000",
      "sellingGeneralAndAdministrative": "3311000000",
      "researchAndDevelopment": "0",
      "operatingExpenses": "0",
      "investmentIncomeNet": "None",
      "netInterestIncome": "None",
      "interestIncome": "None",
      "interestExpense": "1047000000",
      "nonInterestIncome": "None",
      "otherNonOperatingIncome": "None",
      "depreciation": "None",
      "depreciationAndAmortization": "None",
      "incomeBeforeTax": "0",
      "incomeTaxExpense": "0",
      "interestAndDebtExpense": "None",
      "netIncomeFromContinuingOperations": "0",
      "comprehensiveIncomeNetOfTax": "None",
      "ebit": "0",
      "ebitda": "None",
      "netIncome": "62000000"
    },
    {
      "fiscalDateEnding": "2006-12-31",
      "reportedCurrency": "USD",
      "grossProfit": "49546000000",
      "totalRevenue": "50803000000",
      "costOfRevenue": "40527000000",
      "costofGoodsAndServicesSold": "40527000000",
      "operatingIncome": "4174000000",
      "sellingGeneralAndAdministrative": "3910000000",
      "researchAndDevelopment": "6600000000",
      "operatingExpenses": "0",
      "investmentIncomeNet": "None",
      "netInterestIncome": "None",
      "interestIncome": "None",
      "interestExpense": "3392000000",
      "nonInterestIncome": "None",
      "otherNonOperatingIncome": "None",
      "depreciation": "None",
      "depreciationAndAmortization": "None",
      "incomeBeforeTax": "332000000",
      "incomeTaxExpense": "0",
      "interestAndDebtExpense": "None",
      "netIncomeFromContinuingOperations": "0",
      "comprehensiveIncomeNetOfTax": "None",
      "ebit": "0",
      "ebitda": "None",
      "netIncome": "950000000"
    },
    {
      "fiscalDateEnding": "2006-09-30",
      "reportedCurrency": "USD",
      "grossProfit": "0",
      "totalRevenue": "48819000000",
      "costOfRevenue": "38576000000",
      "costofGoodsAndServicesSold": "38576000000",
      "operatingIncome": "4581000000",
      "sellingGeneralAndAdministrative": "3155000000",
      "researchAndDevelopment": "0",
      "operatingExpenses": "0",
      "investmentIncomeNet": "None",
      "netInterestIncome": "None",
      "interestIncome": "None",
      "interestExpense": "4410000000",
      "nonInterestIncome": "None",
      "otherNonOperatingIncome": "None",
      "depreciation": "None",
      "depreciationAndAmortization": "None",
      "incomeBeforeTax": "0",
      "incomeTaxExpense": "0",
      "interestAndDebtExpense": "None",
      "netIncomeFromContinuingOperations": "0",
      "comprehensiveIncomeNetOfTax": "None",
      "ebit": "0",
      "ebitda": "None",
      "netIncome": "0"
    },
    {
      "fiscalDateEnding": "2006-06-30",
      "reportedCurrency": "USD",
      "grossProfit": "0",
      "totalRevenue": "54136000000",
      "costOfRevenue": "41447000000",
      "costofGoodsAndServicesSold": "41447000000",
      "operatingIncome": "6649000000",
      "sellingGeneralAndAdministrative": "3219000000",
      "researchAndDevelopment": "0",
      "operatingExpenses": "0",
      "investmentIncomeNet": "None",
      "netInterestIncome": "None",
      "interestIncome": "None",
      "interestExpense": "4706000000",
      "nonInterestIncome": "None",
      "otherNonOperatingIncome": "None",
      "depreciation": "None",
      "depreciationAndAmortization": "None",
      "incomeBeforeTax": "-662000000",
      "incomeTaxExpense": "-169000000",
      "interestAndDebtExpense": "None",
      "netIncomeFromContinuingOperations": "0",
      "comprehensiveIncomeNetOfTax": "None",
      "ebit": "0",
      "ebitda": "None",
      "netIncome": "-602000000"
    },
    {
      "fiscalDateEnding": "2006-03-31",
      "reportedCurrency": "USD",
      "grossProfit": "0",
      "totalRevenue": "51843000000",
      "costOfRevenue": "40736000000",
      "costofGoodsAndServicesSold": "40736000000",
      "operatingIncome": "4376000000",
      "sellingGeneralAndAdministrative": "3366000000",
      "researchAndDevelopment": "0",
      "operatingExpenses": "0",
      "investmentIncomeNet": "None",
      "netInterestIncome": "None",
      "interestIncome": "None",
      "interestExpense": "4435000000",
      "nonInterestIncome": "None",
      "otherNonOperatingIncome": "None",
      "depreciation": "None",
      "depreciationAndAmortization": "None",
      "incomeBeforeTax": "662000000",
      "incomeTaxExpense": "169000000",
      "interestAndDebtExpense": "None",
      "netIncomeFromContinuingOperations": "0",
      "comprehensiveIncomeNetOfTax": "None",
      "ebit": "0",
      "ebitda": "None",
      "netIncome": "602000000"
    },
    {
      "fiscalDateEnding": "2005-12-31",
      "reportedCurrency": "USD",
      "grossProfit": "34951000000",
      "totalRevenue": "51652000000",
      "costOfRevenue": "44076000000",
      "costofGoodsAndServicesSold": "44076000000",
      "operatingIncome": "-407000000",
      "sellingGeneralAndAdministrative": "7662000000",
      "researchAndDevelopment": "6700000000",
      "operatingExpenses": "0",
      "investmentIncomeNet": "None",
      "netInterestIncome": "None",
      "interestIncome": "None",
      "interestExpense": "4368000000",
      "nonInterestIncome": "None",
      "otherNonOperatingIncome": "None",
      "depreciation": "None",
      "depreciationAndAmortization": "None",
      "incomeBeforeTax": "0",
      "incomeTaxExpense": "0",
      "interestAndDebtExpense": "None",
      "netIncomeFromContinuingOperations": "0",
      "comprehensiveIncomeNetOfTax": "None",
      "ebit": "0",
      "ebitda": "None",
      "netIncome": "0"
    },
    {
      "fiscalDateEnding": "2005-09-30",
      "reportedCurrency": "USD",
      "grossProfit": "0",
      "totalRevenue": "48761000000",
      "costOfRevenue": "41472000000",
      "costofGoodsAndServicesSold": "41472000000",
      "operatingIncome": "407000000",
      "sellingGeneralAndAdministrative": "6882000000",
      "researchAndDevelopment": "0",
      "operatingExpenses": "0",
      "investmentIncomeNet": "None",
      "netInterestIncome": "None",
      "interestIncome": "None",
      "interestExpense": "3848000000",
      "nonInterestIncome": "None",
      "otherNonOperatingIncome": "None",
      "depreciation": "None",
      "depreciationAndAmortization": "None",
      "incomeBeforeTax": "0",
      "incomeTaxExpense": "0",
      "interestAndDebtExpense": "None",
      "netIncomeFromContinuingOperations": "0",
      "comprehensiveIncomeNetOfTax": "None",
      "ebit": "0",
      "ebitda": "None",
      "netIncome": "0"
    },
    {
      "fiscalDateEnding": "2005-06-30",
      "reportedCurrency": "USD",
      "grossProfit": "0",
      "totalRevenue": "48469000000",
      "costOfRevenue": "38705000000",
      "costofGoodsAndServicesSold": "38705000000",
      "operatingIncome": "3119000000",
      "sellingGeneralAndAdministrative": "6645000000",
      "researchAndDevelopment": "0",
      "operatingExpenses": "0",
      "investmentIncomeNet": "None",
      "netInterestIncome": "None",
      "interestIncome": "None",
      "interestExpense": "3712000000",
      "nonInterestIncome": "None",
      "otherNonOperatingIncome": "None",
      "depreciation": "None",
      "depreciationAndAmortization": "None",
      "incomeBeforeTax": "0",
      "incomeTaxExpense": "0",
      "interestAndDebtExpense": "None",
      "netIncomeFromContinuingOperations": "0",
      "comprehensiveIncomeNetOfTax": "None",
      "ebit": "0",
      "ebitda": "None",
      "netIncome": "0"
    },
    {
      "fiscalDateEnding": "2005-03-31",
      "reportedCurrency": "USD",
      "grossProfit": "0",
      "totalRevenue": "45773000000",
      "costOfRevenue": "38064000000",
      "costofGoodsAndServicesSold": "38064000000",
      "operatingIncome": "1385000000",
      "sellingGeneralAndAdministrative": "6324000000",
      "researchAndDevelopment": "0",
      "operatingExpenses": "0",
      "investmentIncomeNet": "None",
      "netInterestIncome": "None",
      "interestIncome": "None",
      "interestExpense": "3679000000",
      "nonInterestIncome": "None",
      "otherNonOperatingIncome": "None",
      "depreciation": "None",
      "depreciationAndAmortization": "None",
      "incomeBeforeTax": "0",
      "incomeTaxExpense": "0",
      "interestAndDebtExpense": "None",
      "netIncomeFromContinuingOperations": "0",
      "comprehensiveIncomeNetOfTax": "None",
      "ebit": "0",
      "ebitda": "None",
      "netIncome": "0"
    }
  ]
}