{
  "symbol": "GS",
  "annualReports": [
    {
      "fiscalDateEnding": "2024-12-31",
      "reportedCurrency": "USD",
      "grossProfit": "53512000000",
      "totalRevenue": "53512000000",
      "costOfRevenue": "None",
      "costofGoodsAndServicesSold": "None",
      "operatingIncome": "18397000000",
      "sellingGeneralAndAdministrative": "16706000000",
      "researchAndDevelopment": "None",
      "operatingExpenses": "35115000000",
      "investmentIncomeNet": "None",
      "netInterestIncome": "8056000000",
      "interestIncome": "81397000000",
      "interestExpense": "73341000000",
      "nonInterestIncome": "None",
      "otherNonOperatingIncome": "None",
      "depreciation": "None",
      "depreciationAndAmortization": "2392000000",
      "incomeBeforeTax": "18397000000",
      "incomeTaxExpense": "4121000000",
      "interestAndDebtExpense": "None",
      "netIncomeFromContinuingOperations": "14276000000",
      "comprehensiveIncomeNetOfTax": "None",
      "ebit": "18397000000",
      "ebitda": "20789000000",
      "netIncome": "14276000000"
    },
    {
      "fiscalDateEnding": "2023-12-31",
      "reportedCurrency": "USD",
      "grossProfit": "46254000000",
      "totalRevenue": "46254000000",
      "costOfRevenue": "16552000000",
      "costofGoodsAndServicesSold": "16552000000",
      "operatingIncome": "10739000000",
      "sellingGeneralAndAdministrative": "15499000000",
      "researchAndDevelopment": "None",
      "operatingExpenses": "35515000000",
      "investmentIncomeNet": "None",
      "netInterestIncome": "6351000000",
      "interestIncome": "62442000000",
      "interestExpense": "62164000000",
      "nonInterestIncome": "None",
      "otherNonOperatingIncome": "None",
      "depreciation": "None",
      "depreciationAndAmortization": "4856000000",
      "incomeBeforeTax": "10739000000",
      "incomeTaxExpense": "2223000000",
      "interestAndDebtExpense": "None",
      "netIncomeFromContinuingOperations": "7834000000",
      "comprehensiveIncomeNetOfTax": "None",
      "ebit": "10739000000",
      "ebitda": "15595000000",
      "netIncome": "8516000000"
    },
    {
      "fiscalDateEnding": "2022-12-31",
      "reportedCurrency": "USD",
      "grossProfit": "47365000000",
      "totalRevenue": "47365000000",
      "costOfRevenue": "16174000000",
      "costofGoodsAndServicesSold": "16174000000",
      "operatingIncome": "13486000000",
      "sellingGeneralAndAdministrative": "15148000000",
      "researchAndDevelopment": "None",
      "operatingExpenses": "33879000000",
      "investmentIncomeNet": "None",
      "netInterestIncome": "7678000000",
      "interestIncome": "29024000000",
      "interestExpense": "21346000000",
      "nonInterestIncome": "None",
      "otherNonOperatingIncome": "None",
      "depreciation": "None",
      "depreciationAndAmortization": "2455000000",
      "incomeBeforeTax": "13486000000",
      "incomeTaxExpense": "2225000000",
      "interestAndDebtExpense": "None",
      "netIncomeFromContinuingOperations": "11261000000",
      "comprehensiveIncomeNetOfTax": "None",
      "ebit": "13486000000",
      "ebitda": "15941000000",
      "netIncome": "11261000000"
    },
    {
      "fiscalDateEnding": "2021-12-31",
      "reportedCurrency": "USD",
      "grossProfit": "59339000000",
      "totalRevenue": "59339000000",
      "costOfRevenue": "18700000000",
      "costofGoodsAndServicesSold": "18700000000",
      "operatingIncome": "27044000000",
      "sellingGeneralAndAdministrative": "17719000000",
      "researchAndDevelopment": "None",
      "operatingExpenses": "32295000000",
      "investmentIncomeNet": "None",
      "netInterestIncome": "6470000000",
      "interestIncome": "12120000000",
      "interestExpense": "5650000000",
      "nonInterestIncome": "None",
      "otherNonOperatingIncome": "None",
      "depreciation": "None",
      "depreciationAndAmortization": "2015000000",
      "incomeBeforeTax": "27044000000",
      "incomeTaxExpense": "5409000000",
      "interestAndDebtExpense": "None",
      "netIncomeFromContinuingOperations": "21635000000",
      "comprehensiveIncomeNetOfTax": "None",
      "ebit": "27044000000",
      "ebitda": "29059000000",
      "netIncome": "21635000000"
    },
    {
      "fiscalDateEnding": "2020-12-31",
      "reportedCurrency": "USD",
      "grossProfit": "44559000000",
      "totalRevenue": "44559000000",
      "costOfRevenue": "14269000000",
      "costofGoodsAndServicesSold": "14269000000",
      "operatingIncome": "12479000000",
      "sellingGeneralAndAdministrative": "13309000000",
      "researchAndDevelopment": "None",
      "operatingExpenses": "32080000000",
      "investmentIncomeNet": "None",
      "netInterestIncome": "4751000000",
      "interestIncome": "13689000000",
      "interestExpense": "8938000000",
      "nonInterestIncome": "None",
      "otherNonOperatingIncome": "None",
      "depreciation": "None",
      "depreciationAndAmortization": "1902000000",
      "incomeBeforeTax": "12479000000",
      "incomeTaxExpense": "3020000000",
      "interestAndDebtExpense": "None",
      "netIncomeFromContinuingOperations": "9459000000",
      "comprehensiveIncomeNetOfTax": "None",
      "ebit": "12479000000",
      "ebitda": "14381000000",
      "netIncome": "9459000000"
    },
    {
      "fiscalDateEnding": "2019-12-31",
      "reportedCurrency": "USD",
      "grossProfit": "36526000000",
      "totalRevenue": "36526000000",
      "costOfRevenue": "13382000000",
      "costofGoodsAndServicesSold": "13382000000",
      "operatingIncome": "10583000000",
      "sellingGeneralAndAdministrative": "12353000000",
      "researchAndDevelopment": "None",
      "operatingExpenses": "25943000000",
      "investmentIncomeNet": "None",
      "netInterestIncome": "4362000000",
      "interestIncome": "21738000000",
      "interestExpense": "17376000000",
      "nonInterestIncome": "None",
      "otherNonOperatingIncome": "None",
      "depreciation": "None",
      "depreciationAndAmortization": "1704000000",
      "incomeBeforeTax": "10583000000",
      "incomeTaxExpense": "2117000000",
      "interestAndDebtExpense": "None",
      "netIncomeFromContinuingOperations": "8466000000",
      "comprehensiveIncomeNetOfTax": "None",
      "ebit": "10583000000",
      "ebitda": "12287000000",
      "netIncome": "8466000000"
    },
    {
      "fiscalDateEnding": "2018-12-31",
      "reportedCurrency": "USD",
      "grossProfit": "36456000000",
      "totalRevenue": "36456000000",
      "costOfRevenue": "13137000000",
      "costofGoodsAndServicesSold": "13137000000",
      "operatingIncome": "12481000000",
      "sellingGeneralAndAdministrative": "12328000000",
      "researchAndDevelopment": "0",
      "operatingExpenses": "23975000000",
      "investmentIncomeNet": "None",
      "netInterestIncome": "3767000000",
      "interestIncome": "19679000000",
      "interestExpense": "15912000000",
      "nonInterestIncome": "None",
      "otherNonOperatingIncome": "None",
      "depreciation": "None",
      "depreciationAndAmortization": "1328000000",
      "incomeBeforeTax": "12481000000",
      "incomeTaxExpense": "2022000000",
      "interestAndDebtExpense": "None",
      "netIncomeFromContinuingOperations": "10459000000",
      "comprehensiveIncomeNetOfTax": "None",
      "ebit": "12481000000",
      "ebitda": "13809000000",
      "netIncome": "10459000000"
    },
    {
      "fiscalDateEnding": "2017-12-31",
      "reportedCurrency": "USD",
      "grossProfit": "32616000000",
      "totalRevenue": "32616000000",
      "costOfRevenue": "12586000000",
      "costofGoodsAndServicesSold": "12586000000",
      "operatingIncome": "11132000000",
      "sellingGeneralAndAdministrative": "11653000000",
      "researchAndDevelopment": "0",
      "operatingExpenses": "21484000000",
      "investmentIncomeNet": "None",
      "netInterestIncome": "2932000000",
      "interestIncome": "13113000000",
      "interestExpense": "10181000000",
      "nonInterestIncome": "None",
      "otherNonOperatingIncome": "None",
      "depreciation": "None",
      "depreciationAndAmortization": "1152000000",
      "incomeBeforeTax": "11132000000",
      "incomeTaxExpense": "6846000000",
      "interestAndDebtExpense": "None",
      "netIncomeFromContinuingOperations": "4286000000",
      "comprehensiveIncomeNetOfTax": "None",
      "ebit": "11132000000",
      "ebitda": "12284000000",
      "netIncome": "4286000000"
    },
    {
      "fiscalDateEnding": "2016-12-31",
      "reportedCurrency": "USD",
      "grossProfit": "30790000000",
      "totalRevenue": "30790000000",
      "costOfRevenue": "12435000000",
      "costofGoodsAndServicesSold": "12435000000",
      "operatingIncome": "10304000000",
      "sellingGeneralAndAdministrative": "11448000000",
      "researchAndDevelopment": "0",
      "operatingExpenses": "20486000000",
      "investmentIncomeNet": "None",
      "netInterestIncome": "2587000000",
      "interestIncome": "9691000000",
      "interestExpense": "7104000000",
      "nonInterestIncome": "None",
      "otherNonOperatingIncome": "None",
      "depreciation": "None",
      "depreciationAndAmortization": "998000000",
      "incomeBeforeTax": "10304000000",
      "incomeTaxExpense": "2906000000",
      "interestAndDebtExpense": "None",
      "netIncomeFromContinuingOperations": "7398000000",
      "comprehensiveIncomeNetOfTax": "None",
      "ebit": "10304000000",
      "ebitda": "11302000000",
      "netIncome": "7398000000"
    },
    {
      "fiscalDateEnding": "2015-12-31",
      "reportedCurrency": "USD",
      "grossProfit": "33786000000",
      "totalRevenue": "33786000000",
      "costOfRevenue": "13450000000",
      "costofGoodsAndServicesSold": "13450000000",
      "operatingIncome": "8778000000",
      "sellingGeneralAndAdministrative": "12678000000",
      "researchAndDevelopment": "0",
      "operatingExpenses": "25008000000",
      "investmentIncomeNet": "None",
      "netInterestIncome": "None",
      "interestIncome": "None",
      "interestExpense": "5388000000",
      "nonInterestIncome": "None",
      "otherNonOperatingIncome": "None",
      "depreciation": "None",
      "depreciationAndAmortization": "991000000",
      "incomeBeforeTax": "8778000000",
      "incomeTaxExpense": "2695000000",
      "interestAndDebtExpense": "None",
      "netIncomeFromContinuingOperations": "6083000000",
      "comprehensiveIncomeNetOfTax": "None",
      "ebit": "8778000000",
      "ebitda": "9769000000",
      "netIncome": "6083000000"
    },
    {
      "fiscalDateEnding": "2014-12-31",
      "reportedCurrency": "USD",
      "grossProfit": "34528000000",
      "totalRevenue": "34528000000",
      "costOfRevenue": "21167000000",
      "costofGoodsAndServicesSold": "21167000000",
      "operatingIncome": "12357000000",
      "sellingGeneralAndAdministrative": "12691000000",
      "researchAndDevelopment": "0",
      "operatingExpenses": "22171000000",
      "investmentIncomeNet": "None",
      "netInterestIncome": "None",
      "interestIncome": "None",
      "interestExpense": "5557000000",
      "nonInterestIncome": "None",
      "otherNonOperatingIncome": "None",
      "depreciation": "None",
      "depreciationAndAmortization": "1337000000",
      "incomeBeforeTax": "12357000000",
      "incomeTaxExpense": "3880000000",
      "interestAndDebtExpense": "None",
      "netIncomeFromContinuingOperations": "8477000000",
      "comprehensiveIncomeNetOfTax": "None",
      "ebit": "12357000000",
      "ebitda": "13694000000",
      "netIncome": "8477000000"
    },
    {
      "fiscalDateEnding": "2013-12-31",
      "reportedCurrency": "USD",
      "grossProfit": "34206000000",
      "totalRevenue": "34206000000",
      "costOfRevenue": "21534000000",
      "costofGoodsAndServicesSold": "21534000000",
      "operatingIncome": "11737000000",
      "sellingGeneralAndAdministrative": "12789000000",
      "researchAndDevelopment": "0",
      "operatingExpenses": "22469000000",
      "investmentIncomeNet": "None",
      "netInterestIncome": "None",
      "interestIncome": "None",
      "interestExpense": "6668000000",
      "nonInterestIncome": "None",
      "otherNonOperatingIncome": "None",
      "depreciation": "None",
      "depreciationAndAmortization": "1322000000",
      "incomeBeforeTax": "11737000000",
      "incomeTaxExpense": "3697000000",
      "interestAndDebtExpense": "None",
      "netIncomeFromContinuingOperations": "8040000000",
      "comprehensiveIncomeNetOfTax": "None",
      "ebit": "11737000000",
      "ebitda": "13059000000",
      "netIncome": "8040000000"
    },
    {
      "fiscalDateEnding": "2012-12-31",
      "reportedCurrency": "USD",
      "grossProfit": "34163000000",
      "totalRevenue": "34163000000",
      "costOfRevenue": "13819000000",
      "costofGoodsAndServicesSold": "13819000000",
      "operatingIncome": "11207000000",
      "sellingGeneralAndAdministrative": "13542000000",
      "researchAndDevelopment": "0",
      "operatingExpenses": "22956000000",
      "investmentIncomeNet": "None",
      "netInterestIncome": "None",
      "interestIncome": "None",
      "interestExpense": "7501000000",
      "nonInterestIncome": "None",
      "otherNonOperatingIncome": "11381000000",
      "depreciation": "None",
      "depreciationAndAmortization": "1738000000",
      "incomeBeforeTax": "11207000000",
      "incomeTaxExpense": "3732000000",
      "interestAndDebtExpense": "None",
      "netIncomeFromContinuingOperations": "7475000000",
      "comprehensiveIncomeNetOfTax": "None",
      "ebit": "11207000000",
      "ebitda": "12945000000",
      "netIncome": "7475000000"
    },
    {
      "fiscalDateEnding": "2011-12-31",
      "reportedCurrency": "USD",
      "grossProfit": "28811000000",
      "totalRevenue": "28811000000",
      "costOfRevenue": "1030000000",
      "costofGoodsAndServicesSold": "1030000000",
      "operatingIncome": "6169000000",
      "sellingGeneralAndAdministrative": "12752000000",
      "researchAndDevelopment": "0",
      "operatingExpenses": "22642000000",
      "investmentIncomeNet": "None",
      "netInterestIncome": "None",
      "interestIncome": "None",
      "interestExpense": "7982000000",
      "nonInterestIncome": "None",
      "otherNonOperatingIncome": "None",
      "depreciation": "None",
      "depreciationAndAmortization": "1869000000",
      "incomeBeforeTax": "6169000000",
      "incomeTaxExpense": "1727000000",
      "interestAndDebtExpense": "None",
      "netIncomeFromContinuingOperations": "None",
      "comprehensiveIncomeNetOfTax": "None",
      "ebit": "6169000000",
      "ebitda": "8038000000",
      "netIncome": "4442000000"
    },
    {
      "fiscalDateEnding": "2010-12-31",
      "reportedCurrency": "USD",
      "grossProfit": "39161000000",
      "totalRevenue": "39161000000",
      "costOfRevenue": "23364000000",
      "costofGoodsAndServicesSold": "23364000000",
      "operatingIncome": "12892000000",
      "sellingGeneralAndAdministrative": "15774000000",
      "researchAndDevelopment": "0",
      "operatingExpenses": "26269000000",
      "investmentIncomeNet": "None",
      "netInterestIncome": "None",
      "interestIncome": "None",
      "interestExpense": "6806000000",
      "nonInterestIncome": "None",
      "otherNonOperatingIncome": "12309000000",
      "depreciation": "None",
      "depreciationAndAmortization": "1904000000",
      "incomeBeforeTax": "12892000000",
      "incomeTaxExpense": "4538000000",
      "interestAndDebtExpense": "None",
      "netIncomeFromContinuingOperations": "-18498000000",
      "comprehensiveIncomeNetOfTax": "None",
      "ebit": "12892000000",
      "ebitda": "14796000000",
      "netIncome": "8354000000"
    },
    {
      "fiscalDateEnding": "2009-12-31",
      "reportedCurrency": "USD",
      "grossProfit": "45173000000",
      "totalRevenue": "45173000000",
      "costOfRevenue": "24025000000",
      "costofGoodsAndServicesSold": "24025000000",
      "operatingIncome": "19829000000",
      "sellingGeneralAndAdministrative": "16193000000",
      "researchAndDevelopment": "0",
      "operatingExpenses": "25344000000",
      "investmentIncomeNet": "None",
      "netInterestIncome": "None",
      "interestIncome": "None",
      "interestExpense": "6500000000",
      "nonInterestIncome": "None",
      "otherNonOperatingIncome": "None",
      "depreciation": "None",
      "depreciationAndAmortization": "1943000000",
      "incomeBeforeTax": "19829000000",
      "incomeTaxExpense": "6444000000",
      "interestAndDebtExpense": "None",
      "netIncomeFromContinuingOperations": "None",
      "comprehensiveIncomeNetOfTax": "None",
      "ebit": "19829000000",
      "ebitda": "21772000000",
      "netIncome": "13385000000"
    },
    {
      "fiscalDateEnding": "2008-12-31",
      "reportedCurrency": "USD",
      "grossProfit": "22222000000",
      "totalRevenue": "22222000000",
      "costOfRevenue": "11894000000",
      "costofGoodsAndServicesSold": "11894000000",
      "operatingIncome": "2336000000",
      "sellingGeneralAndAdministrative": "10659000000",
      "researchAndDevelopment": "None",
      "operatingExpenses": "19886000000",
      "investmentIncomeNet": "None",
      "netInterestIncome": "None",
      "interestIncome": "None",
      "interestExpense": "31357000000",
      "nonInterestIncome": "None",
      "otherNonOperatingIncome": "None",
      "depreciation": "None",
      "depreciationAndAmortization": "1625000000",
      "incomeBeforeTax": "2336000000",
      "incomeTaxExpense": "14000000",
      "interestAndDebtExpense": "None",
      "netIncomeFromContinuingOperations": "None",
      "comprehensiveIncomeNetOfTax": "None",
      "ebit": "2336000000",
      "ebitda": "3961000000",
      "netIncome": "2322000000"
    },
    {
      "fiscalDateEnding": "2007-12-31",
      "reportedCurrency": "USD",
      "grossProfit": "45987000000",
      "totalRevenue": "45987000000",
      "costOfRevenue": "27564000000",
      "costofGoodsAndServicesSold": "27564000000",
      "operatingIncome": "17604000000",
      "sellingGeneralAndAdministrative": "20190000000",
      "researchAndDevelopment": "None",
      "operatingExpenses": "28383000000",
      "investmentIncomeNet": "None",
      "netInterestIncome": "None",
      "interestIncome": "None",
      "interestExpense": "41981000000",
      "nonInterestIncome": "None",
      "otherNonOperatingIncome": "None",
      "depreciation": "None",
      "depreciationAndAmortization": "1167000000",
      "incomeBeforeTax": "17604000000",
      "incomeTaxExpense": "6005000000",
      "interestAndDebtExpense": "None",
      "netIncomeFromContinuingOperations": "None",
      "comprehensiveIncomeNetOfTax": "None",
      "ebit": "17604000000",
      "ebitda": "18771000000",
      "netIncome": "11599000000"
    },
    {
      "fiscalDateEnding": "2006-12-31",
      "reportedCurrency": "USD",
      "grossProfit": "37665000000",
      "totalRevenue": "37665000000",
      "costOfRevenue": "17307000000",
      "costofGoodsAndServicesSold": "17307000000",
      "operatingIncome": "14560000000",
      "sellingGeneralAndAdministrative": "16457000000",
      "researchAndDevelopment": "None",
      "operatingExpenses": "23105000000",
      "investmentIncomeNet": "None",
      "netInterestIncome": "None",
      "interestIncome": "None",
      "interestExpense": "31688000000",
      "nonInterestIncome": "None",
      "otherNonOperatingIncome": "None",
      "depreciation": "None",
      "depreciationAndAmortization": "995000000",
      "incomeBeforeTax": "14560000000",
      "incomeTaxExpense": "5023000000",
      "interestAndDebtExpense": "None",
      "netIncomeFromContinuingOperations": "None",
      "comprehensiveIncomeNetOfTax": "None",
      "ebit": "14560000000",
      "ebitda": "15555000000",
      "netIncome": "9537000000"
    },
    {
      "fiscalDateEnding": "2005-12-31",
      "reportedCurrency": "USD",
      "grossProfit": "25238000000",
      "totalRevenue": "25238000000",
      "costOfRevenue": "24782000000",
      "costofGoodsAndServicesSold": "24782000000",
      "operatingIncome": "8273000000",
      "sellingGeneralAndAdministrative": "11758000000",
      "researchAndDevelopment": "None",
      "operatingExpenses": "16965000000",
      "investmentIncomeNet": "None",
      "netInterestIncome": "None",
      "interestIncome": "None",
      "interestExpense": "18153000000",
      "nonInterestIncome": "None",
      "otherNonOperatingIncome": "None",
      "depreciation": "None",
      "depreciationAndAmortization": "854000000",
      "incomeBeforeTax": "8273000000",
      "incomeTaxExpense": "2647000000",
      "interestAndDebtExpense": "None",
      "netIncomeFromContinuingOperations": "None",
      "comprehensiveIncomeNetOfTax": "None",
      "ebit": "8273000000",
      "ebitda": "9127000000",
      "netIncome": "5626000000"
    }
  ],
  "quarterlyReports": [
    {
      "fiscalDateEnding": "2025-03-31",
      "reportedCurrency": "USD",
      "grossProfit": "7058000000",
      "totalRevenue": "12167000000",
      "costOfRevenue": "5109000000",
      "costofGoodsAndServicesSold": "5109000000",
      "operatingIncome": "3039000000",
      "sellingGeneralAndAdministrative": "424000000",
      "researchAndDevelopment": "None",
      "operatingExpenses": "4019000000",
      "investmentIncomeNet": "None",
      "netInterestIncome": "2895000000",
      "interestIncome": "19383000000",
      "interestExpense": "16488000000",
      "nonInterestIncome": "None",
      "otherNonOperatingIncome": "None",
      "depreciation": "None",
      "depreciationAndAmortization": "506000000",
      "incomeBeforeTax": "4738000000",
      "incomeTaxExpense": "4738000000",
      "interestAndDebtExpense": "None",
      "netIncomeFromContinuingOperations": "4738000000",
      "comprehensiveIncomeNetOfTax": "None",
      "ebit": "3039000000",
      "ebitda": "3545000000",
      "netIncome": "4738000000"
    },
    {
      "fiscalDateEnding": "2024-12-31",
      "reportedCurrency": "USD",
      "grossProfit": "13869000000",
      "totalRevenue": "13869000000",
      "costOfRevenue": "351000000",
      "costofGoodsAndServicesSold": "351000000",
      "operatingIncome": "5257000000",
      "sellingGeneralAndAdministrative": "3759000000",
      "researchAndDevelopment": "None",
      "operatingExpenses": "8612000000",
      "investmentIncomeNet": "None",
      "netInterestIncome": "1583000000",
      "interestIncome": "19954000000",
      "interestExpense": "18371000000",
      "nonInterestIncome": "None",
      "otherNonOperatingIncome": "None",
      "depreciation": "None",
      "depreciationAndAmortization": "498000000",
      "incomeBeforeTax": "5257000000",
      "incomeTaxExpense": "1146000000",
      "interestAndDebtExpense": "None",
      "netIncomeFromContinuingOperations": "4111000000",
      "comprehensiveIncomeNetOfTax": "None",
      "ebit": "5257000000",
      "ebitda": "5755000000",
      "netIncome": "4111000000"
    },
    {
      "fiscalDateEnding": "2024-09-30",
      "reportedCurrency": "USD",
      "grossProfit": "12699000000",
      "totalRevenue": "12699000000",
      "costOfRevenue": "4364000000",
      "costofGoodsAndServicesSold": "4364000000",
      "operatingIncome": "3987000000",
      "sellingGeneralAndAdministrative": "4122000000",
      "researchAndDevelopment": "None",
      "operatingExpenses": "8712000000",
      "investmentIncomeNet": "None",
      "netInterestIncome": "2623000000",
      "interestIncome": "21448000000",
      "interestExpense": "18825000000",
      "nonInterestIncome": "None",
      "otherNonOperatingIncome": "None",
      "depreciation": "None",
      "depreciationAndAmortization": "621000000",
      "incomeBeforeTax": "3987000000",
      "incomeTaxExpense": "997000000",
      "interestAndDebtExpense": "None",
      "netIncomeFromContinuingOperations": "2990000000",
      "comprehensiveIncomeNetOfTax": "None",
      "ebit": "3987000000",
      "ebitda": "4608000000",
      "netIncome": "2990000000"
    },
    {
      "fiscalDateEnding": "2024-06-30",
      "reportedCurrency": "USD",
      "grossProfit": "12731000000",
      "totalRevenue": "12731000000",
      "costOfRevenue": "4484000000",
      "costofGoodsAndServicesSold": "4484000000",
      "operatingIncome": "3916000000",
      "sellingGeneralAndAdministrative": "4240000000",
      "researchAndDevelopment": "None",
      "operatingExpenses": "8815000000",
      "investmentIncomeNet": "None",
      "netInterestIncome": "2242000000",
      "interestIncome": "20440000000",
      "interestExpense": "18198000000",
      "nonInterestIncome": "None",
      "otherNonOperatingIncome": "None",
      "depreciation": "None",
      "depreciationAndAmortization": "646000000",
      "incomeBeforeTax": "3916000000",
      "incomeTaxExpense": "873000000",
      "interestAndDebtExpense": "None",
      "netIncomeFromContinuingOperations": "3043000000",
      "comprehensiveIncomeNetOfTax": "None",
      "ebit": "3916000000",
      "ebitda": "4562000000",
      "netIncome": "3043000000"
    },
    {
      "fiscalDateEnding": "2024-03-31",
      "reportedCurrency": "USD",
      "grossProfit": "14213000000",
      "totalRevenue": "14213000000",
      "costOfRevenue": "4832000000",
      "costofGoodsAndServicesSold": "4832000000",
      "operatingIncome": "5237000000",
      "sellingGeneralAndAdministrative": "4585000000",
      "researchAndDevelopment": "None",
      "operatingExpenses": "8976000000",
      "investmentIncomeNet": "None",
      "netInterestIncome": "1608000000",
      "interestIncome": "19555000000",
      "interestExpense": "17947000000",
      "nonInterestIncome": "None",
      "otherNonOperatingIncome": "None",
      "depreciation": "None",
      "depreciationAndAmortization": "627000000",
      "incomeBeforeTax": "5237000000",
      "incomeTaxExpense": "1105000000",
      "interestAndDebtExpense": "None",
      "netIncomeFromContinuingOperations": "4132000000",
      "comprehensiveIncomeNetOfTax": "None",
      "ebit": "5237000000",
      "ebitda": "5864000000",
      "netIncome": "4132000000"
    },
    {
      "fiscalDateEnding": "2023-12-31",
      "reportedCurrency": "USD",
      "grossProfit": "11318000000",
      "totalRevenue": "11318000000",
      "costOfRevenue": "3870000000",
      "costofGoodsAndServicesSold": "3870000000",
      "operatingIncome": "2254000000",
      "sellingGeneralAndAdministrative": "3602000000",
      "researchAndDevelopment": "None",
      "operatingExpenses": "9064000000",
      "investmentIncomeNet": "None",
      "netInterestIncome": "1339000000",
      "interestIncome": "18484000000",
      "interestExpense": "17145000000",
      "nonInterestIncome": "None",
      "otherNonOperatingIncome": "None",
      "depreciation": "None",
      "depreciationAndAmortization": "780000000",
      "incomeBeforeTax": "2254000000",
      "incomeTaxExpense": "246000000",
      "interestAndDebtExpense": "None",
      "netIncomeFromContinuingOperations": "2008000000",
      "comprehensiveIncomeNetOfTax": "None",
      "ebit": "2254000000",
      "ebitda": "3034000000",
      "netIncome": "2008000000"
    },
    {
      "fiscalDateEnding": "2023-09-30",
      "reportedCurrency": "USD",
      "grossProfit": "11817000000",
      "totalRevenue": "11817000000",
      "costOfRevenue": "4455000000",
      "costofGoodsAndServicesSold": "4455000000",
      "operatingIncome": "2756000000",
      "sellingGeneralAndAdministrative": "4188000000",
      "researchAndDevelopment": "None",
      "operatingExpenses": "9061000000",
      "investmentIncomeNet": "None",
      "netInterestIncome": "1547000000",
      "interestIncome": "18257000000",
      "interestExpense": "16710000000",
      "nonInterestIncome": "None",
      "otherNonOperatingIncome": "None",
      "depreciation": "None",
      "depreciationAndAmortization": "1512000000",
      "incomeBeforeTax": "2756000000",
      "incomeTaxExpense": "698000000",
      "interestAndDebtExpense": "None",
      "netIncomeFromContinuingOperations": "2058000000",
      "comprehensiveIncomeNetOfTax": "None",
      "ebit": "2756000000",
      "ebitda": "4268000000",
      "netIncome": "2058000000"
    },
    {
      "fiscalDateEnding": "2023-06-30",
      "reportedCurrency": "USD",
      "grossProfit": "10895000000",
      "totalRevenue": "10895000000",
      "costOfRevenue": "3872000000",
      "costofGoodsAndServicesSold": "3872000000",
      "operatingIncome": "1736000000",
      "sellingGeneralAndAdministrative": "3619000000",
      "researchAndDevelopment": "None",
      "operatingExpenses": "9159000000",
      "investmentIncomeNet": "None",
      "netInterestIncome": "1684000000",
      "interestIncome": "16836000000",
      "interestExpense": "15152000000",
      "nonInterestIncome": "None",
      "otherNonOperatingIncome": "None",
      "depreciation": "None",
      "depreciationAndAmortization": "1594000000",
      "incomeBeforeTax": "1736000000",
      "incomeTaxExpense": "520000000",
      "interestAndDebtExpense": "None",
      "netIncomeFromContinuingOperations": "1216000000",
      "comprehensiveIncomeNetOfTax": "None",
      "ebit": "1736000000",
      "ebitda": "3330000000",
      "netIncome": "1216000000"
    },
    {
      "fiscalDateEnding": "2023-03-31",
      "reportedCurrency": "USD",
      "grossProfit": "12224000000",
      "totalRevenue": "12224000000",
      "costOfRevenue": "4355000000",
      "costofGoodsAndServicesSold": "4355000000",
      "operatingIncome": "3993000000",
      "sellingGeneralAndAdministrative": "4090000000",
      "researchAndDevelopment": "None",
      "operatingExpenses": "8231000000",
      "investmentIncomeNet": "None",
      "netInterestIncome": "1781000000",
      "interestIncome": "14938000000",
      "interestExpense": "13157000000",
      "nonInterestIncome": "None",
      "otherNonOperatingIncome": "None",
      "depreciation": "None",
      "depreciationAndAmortization": "970000000",
      "incomeBeforeTax": "3993000000",
      "incomeTaxExpense": "759000000",
      "interestAndDebtExpense": "None",
      "netIncomeFromContinuingOperations": "3234000000",
      "comprehensiveIncomeNetOfTax": "None",
      "ebit": "3993000000",
      "ebitda": "4963000000",
      "netIncome": "3234000000"
    },
    {
      "fiscalDateEnding": "2022-12-31",
      "reportedCurrency": "USD",
      "grossProfit": "10593000000",
      "totalRevenue": "10593000000",
      "costOfRevenue": "16174000000",
      "costofGoodsAndServicesSold": "16174000000",
      "operatingIncome": "1530000000",
      "sellingGeneralAndAdministrative": "3764000000",
      "researchAndDevelopment": "None",
      "operatingExpenses": "9063000000",
      "investmentIncomeNet": "None",
      "netInterestIncome": "2074000000",
      "interestIncome": "12411000000",
      "interestExpense": "10337000000",
      "nonInterestIncome": "None",
      "otherNonOperatingIncome": "None",
      "depreciation": "None",
      "depreciationAndAmortization": "727000000",
      "incomeBeforeTax": "1530000000",
      "incomeTaxExpense": "204000000",
      "interestAndDebtExpense": "None",
      "netIncomeFromContinuingOperations": "1326000000",
      "comprehensiveIncomeNetOfTax": "None",
      "ebit": "1530000000",
      "ebitda": "2257000000",
      "netIncome": "1326000000"
    },
    {
      "fiscalDateEnding": "2022-09-30",
      "reportedCurrency": "USD",
      "grossProfit": "11975000000",
      "totalRevenue": "11975000000",
      "costOfRevenue": "3861000000",
      "costofGoodsAndServicesSold": "3861000000",
      "operatingIncome": "3756000000",
      "sellingGeneralAndAdministrative": "3606000000",
      "researchAndDevelopment": "None",
      "operatingExpenses": "8219000000",
      "investmentIncomeNet": "None",
      "netInterestIncome": "2043000000",
      "interestIncome": "8550000000",
      "interestExpense": "6507000000",
      "nonInterestIncome": "None",
      "otherNonOperatingIncome": "None",
      "depreciation": "None",
      "depreciationAndAmortization": "666000000",
      "incomeBeforeTax": "3756000000",
      "incomeTaxExpense": "687000000",
      "interestAndDebtExpense": "None",
      "netIncomeFromContinuingOperations": "3069000000",
      "comprehensiveIncomeNetOfTax": "None",
      "ebit": "3756000000",
      "ebitda": "4422000000",
      "netIncome": "3069000000"
    },
    {
      "fiscalDateEnding": "2022-06-30",
      "reportedCurrency": "USD",
      "grossProfit": "11864000000",
      "totalRevenue": "11864000000",
      "costOfRevenue": "3954000000",
      "costofGoodsAndServicesSold": "3954000000",
      "operatingIncome": "3544000000",
      "sellingGeneralAndAdministrative": "3695000000",
      "researchAndDevelopment": "None",
      "operatingExpenses": "8320000000",
      "investmentIncomeNet": "None",
      "netInterestIncome": "1734000000",
      "interestIncome": "4851000000",
      "interestExpense": "3117000000",
      "nonInterestIncome": "None",
      "otherNonOperatingIncome": "None",
      "depreciation": "None",
      "depreciationAndAmortization": "570000000",
      "incomeBeforeTax": "3544000000",
      "incomeTaxExpense": "617000000",
      "interestAndDebtExpense": "None",
      "netIncomeFromContinuingOperations": "2927000000",
      "comprehensiveIncomeNetOfTax": "None",
      "ebit": "3544000000",
      "ebitda": "4114000000",
      "netIncome": "2927000000"
    },
    {
      "fiscalDateEnding": "2022-03-31",
      "reportedCurrency": "USD",
      "grossProfit": "561000000",
      "totalRevenue": "12933000000",
      "costOfRevenue": "4334000000",
      "costofGoodsAndServicesSold": "4334000000",
      "operatingIncome": "6041000000",
      "sellingGeneralAndAdministrative": "4083000000",
      "researchAndDevelopment": "None",
      "operatingExpenses": "3382000000",
      "investmentIncomeNet": "None",
      "netInterestIncome": "1827000000",
      "interestIncome": "3212000000",
      "interestExpense": "1385000000",
      "nonInterestIncome": "None",
      "otherNonOperatingIncome": "None",
      "depreciation": "None",
      "depreciationAndAmortization": "492000000",
      "incomeBeforeTax": "4656000000",
      "incomeTaxExpense": "717000000",
      "interestAndDebtExpense": "None",
      "netIncomeFromContinuingOperations": "3939000000",
      "comprehensiveIncomeNetOfTax": "None",
      "ebit": "6041000000",
      "ebitda": "6533000000",
      "netIncome": "3939000000"
    },
    {
      "fiscalDateEnding": "2021-12-31",
      "reportedCurrency": "USD",
      "grossProfit": "12639000000",
      "totalRevenue": "12639000000",
      "costOfRevenue": "18700000000",
      "costofGoodsAndServicesSold": "18700000000",
      "operatingIncome": "5025000000",
      "sellingGeneralAndAdministrative": "3246000000",
      "researchAndDevelopment": "None",
      "operatingExpenses": "7614000000",
      "investmentIncomeNet": "None",
      "netInterestIncome": "1795000000",
      "interestIncome": "3010000000",
      "interestExpense": "1215000000",
      "nonInterestIncome": "None",
      "otherNonOperatingIncome": "None",
      "depreciation": "None",
      "depreciationAndAmortization": "488000000",
      "incomeBeforeTax": "5025000000",
      "incomeTaxExpense": "1090000000",
      "interestAndDebtExpense": "None",
      "netIncomeFromContinuingOperations": "3935000000",
      "comprehensiveIncomeNetOfTax": "None",
      "ebit": "5025000000",
      "ebitda": "5513000000",
      "netIncome": "3935000000"
    },
    {
      "fiscalDateEnding": "2021-09-30",
      "reportedCurrency": "USD",
      "grossProfit": "13608000000",
      "totalRevenue": "13608000000",
      "costOfRevenue": "3406000000",
      "costofGoodsAndServicesSold": "3406000000",
      "operatingIncome": "6842000000",
      "sellingGeneralAndAdministrative": "3167000000",
      "researchAndDevelopment": "None",
      "operatingExpenses": "6766000000",
      "investmentIncomeNet": "None",
      "netInterestIncome": "1564000000",
      "interestIncome": "3117000000",
      "interestExpense": "1553000000",
      "nonInterestIncome": "None",
      "otherNonOperatingIncome": "None",
      "depreciation": "None",
      "depreciationAndAmortization": "509000000",
      "incomeBeforeTax": "6842000000",
      "incomeTaxExpense": "1464000000",
      "interestAndDebtExpense": "None",
      "netIncomeFromContinuingOperations": "5378000000",
      "comprehensiveIncomeNetOfTax": "None",
      "ebit": "6842000000",
      "ebitda": "7351000000",
      "netIncome": "5378000000"
    },
    {
      "fiscalDateEnding": "2021-06-30",
      "reportedCurrency": "USD",
      "grossProfit": "15388000000",
      "totalRevenue": "15388000000",
      "costOfRevenue": "5504000000",
      "costofGoodsAndServicesSold": "5504000000",
      "operatingIncome": "6840000000",
      "sellingGeneralAndAdministrative": "5263000000",
      "researchAndDevelopment": "None",
      "operatingExpenses": "8548000000",
      "investmentIncomeNet": "None",
      "netInterestIncome": "1629000000",
      "interestIncome": "2939000000",
      "interestExpense": "1310000000",
      "nonInterestIncome": "None",
      "otherNonOperatingIncome": "None",
      "depreciation": "None",
      "depreciationAndAmortization": "520000000",
      "incomeBeforeTax": "6840000000",
      "incomeTaxExpense": "1354000000",
      "interestAndDebtExpense": "None",
      "netIncomeFromContinuingOperations": "5486000000",
      "comprehensiveIncomeNetOfTax": "None",
      "ebit": "6840000000",
      "ebitda": "7360000000",
      "netIncome": "5486000000"
    },
    {
      "fiscalDateEnding": "2021-03-31",
      "reportedCurrency": "USD",
      "grossProfit": "17704000000",
      "totalRevenue": "17704000000",
      "costOfRevenue": "6290000000",
      "costofGoodsAndServicesSold": "6290000000",
      "operatingIncome": "8337000000",
      "sellingGeneralAndAdministrative": "6043000000",
      "researchAndDevelopment": "None",
      "operatingExpenses": "9367000000",
      "investmentIncomeNet": "None",
      "netInterestIncome": "1482000000",
      "interestIncome": "3054000000",
      "interestExpense": "1572000000",
      "nonInterestIncome": "None",
      "otherNonOperatingIncome": "None",
      "depreciation": "None",
      "depreciationAndAmortization": "498000000",
      "incomeBeforeTax": "8337000000",
      "incomeTaxExpense": "1501000000",
      "interestAndDebtExpense": "None",
      "netIncomeFromContinuingOperations": "6836000000",
      "comprehensiveIncomeNetOfTax": "None",
      "ebit": "8337000000",
      "ebitda": "8835000000",
      "netIncome": "6836000000"
    },
    {
      "fiscalDateEnding": "2020-12-31",
      "reportedCurrency": "USD",
      "grossProfit": "11741000000",
      "totalRevenue": "11741000000",
      "costOfRevenue": "14269000000",
      "costofGoodsAndServicesSold": "14269000000",
      "operatingIncome": "5541000000",
      "sellingGeneralAndAdministrative": "2479000000",
      "researchAndDevelopment": "None",
      "operatingExpenses": "6200000000",
      "investmentIncomeNet": "None",
      "netInterestIncome": "1410000000",
      "interestIncome": "2973000000",
      "interestExpense": "1563000000",
      "nonInterestIncome": "None",
      "otherNonOperatingIncome": "None",
      "depreciation": "None",
      "depreciationAndAmortization": "498000000",
      "incomeBeforeTax": "5541000000",
      "incomeTaxExpense": "1035000000",
      "interestAndDebtExpense": "None",
      "netIncomeFromContinuingOperations": "4506000000",
      "comprehensiveIncomeNetOfTax": "None",
      "ebit": "5541000000",
      "ebitda": "6039000000",
      "netIncome": "4506000000"
    },
    {
      "fiscalDateEnding": "2020-09-30",
      "reportedCurrency": "USD",
      "grossProfit": "10781000000",
      "totalRevenue": "10781000000",
      "costOfRevenue": "3352000000",
      "costofGoodsAndServicesSold": "3352000000",
      "operatingIncome": "4299000000",
      "sellingGeneralAndAdministrative": "3117000000",
      "researchAndDevelopment": "None",
      "operatingExpenses": "6482000000",
      "investmentIncomeNet": "None",
      "netInterestIncome": "1084000000",
      "interestIncome": "2932000000",
      "interestExpense": "1848000000",
      "nonInterestIncome": "None",
      "otherNonOperatingIncome": "None",
      "depreciation": "None",
      "depreciationAndAmortization": "468000000",
      "incomeBeforeTax": "4299000000",
      "incomeTaxExpense": "932000000",
      "interestAndDebtExpense": "None",
      "netIncomeFromContinuingOperations": "3367000000",
      "comprehensiveIncomeNetOfTax": "None",
      "ebit": "4299000000",
      "ebitda": "4767000000",
      "netIncome": "3367000000"
    },
    {
      "fiscalDateEnding": "2020-06-30",
      "reportedCurrency": "USD",
      "grossProfit": "13295000000",
      "totalRevenue": "13295000000",
      "costOfRevenue": "4711000000",
      "costofGoodsAndServicesSold": "4711000000",
      "operatingIncome": "1291000000",
      "sellingGeneralAndAdministrative": "4478000000",
      "researchAndDevelopment": "None",
      "operatingExpenses": "12004000000",
      "investmentIncomeNet": "None",
      "netInterestIncome": "944000000",
      "interestIncome": "3034000000",
      "interestExpense": "2090000000",
      "nonInterestIncome": "None",
      "otherNonOperatingIncome": "None",
      "depreciation": "None",
      "depreciationAndAmortization": "499000000",
      "incomeBeforeTax": "1291000000",
      "incomeTaxExpense": "918000000",
      "interestAndDebtExpense": "None",
      "netIncomeFromContinuingOperations": "373000000",
      "comprehensiveIncomeNetOfTax": "None",
      "ebit": "1291000000",
      "ebitda": "1790000000",
      "netIncome": "373000000"
    },
    {
      "fiscalDateEnding": "2020-03-31",
      "reportedCurrency": "USD",
      "grossProfit": "8742000000",
      "totalRevenue": "8742000000",
      "costOfRevenue": "3473000000",
      "costofGoodsAndServicesSold": "3473000000",
      "operatingIncome": "1348000000",
      "sellingGeneralAndAdministrative": "3235000000",
      "researchAndDevelopment": "None",
      "operatingExpenses": "7394000000",
      "investmentIncomeNet": "None",
      "netInterestIncome": "1313000000",
      "interestIncome": "4750000000",
      "interestExpense": "3437000000",
      "nonInterestIncome": "None",
      "otherNonOperatingIncome": "None",
      "depreciation": "None",
      "depreciationAndAmortization": "437000000",
      "incomeBeforeTax": "1348000000",
      "incomeTaxExpense": "135000000",
      "interestAndDebtExpense": "None",
      "netIncomeFromContinuingOperations": "1213000000",
      "comprehensiveIncomeNetOfTax": "None",
      "ebit": "1348000000",
      "ebitda": "1785000000",
      "netIncome": "1213000000"
    },
    {
      "fiscalDateEnding": "2019-12-31",
      "reportedCurrency": "USD",
      "grossProfit": "9935000000",
      "totalRevenue": "9935000000",
      "costOfRevenue": "13382000000",
      "costofGoodsAndServicesSold": "13382000000",
      "operatingIncome": "2321000000",
      "sellingGeneralAndAdministrative": "3046000000",
      "researchAndDevelopment": "None",
      "operatingExpenses": "7614000000",
      "investmentIncomeNet": "None",
      "netInterestIncome": "1065000000",
      "interestIncome": "4922000000",
      "interestExpense": "3857000000",
      "nonInterestIncome": "None",
      "otherNonOperatingIncome": "None",
      "depreciation": "None",
      "depreciationAndAmortization": "464000000",
      "incomeBeforeTax": "2321000000",
      "incomeTaxExpense": "404000000",
      "interestAndDebtExpense": "None",
      "netIncomeFromContinuingOperations": "1917000000",
      "comprehensiveIncomeNetOfTax": "None",
      "ebit": "2321000000",
      "ebitda": "2785000000",
      "netIncome": "1917000000"
    },
    {
      "fiscalDateEnding": "2019-09-30",
      "reportedCurrency": "USD",
      "grossProfit": "8323000000",
      "totalRevenue": "8323000000",
      "costOfRevenue": "2983000000",
      "costofGoodsAndServicesSold": "2983000000",
      "operatingIncome": "2416000000",
      "sellingGeneralAndAdministrative": "2731000000",
      "researchAndDevelopment": "None",
      "operatingExpenses": "5907000000",
      "investmentIncomeNet": "None",
      "netInterestIncome": "1008000000",
      "interestIncome": "5459000000",
      "interestExpense": "4451000000",
      "nonInterestIncome": "None",
      "otherNonOperatingIncome": "None",
      "depreciation": "None",
      "depreciationAndAmortization": "473000000",
      "incomeBeforeTax": "2416000000",
      "incomeTaxExpense": "539000000",
      "interestAndDebtExpense": "None",
      "netIncomeFromContinuingOperations": "1877000000",
      "comprehensiveIncomeNetOfTax": "None",
      "ebit": "2416000000",
      "ebitda": "2889000000",
      "netIncome": "1877000000"
    },
    {
      "fiscalDateEnding": "2019-06-30",
      "reportedCurrency": "USD",
      "grossProfit": "9461000000",
      "totalRevenue": "9461000000",
      "costOfRevenue": "5512000000",
      "costofGoodsAndServicesSold": "5512000000",
      "operatingIncome": "3127000000",
      "sellingGeneralAndAdministrative": "3317000000",
      "researchAndDevelopment": "None",
      "operatingExpenses": "6334000000",
      "investmentIncomeNet": "None",
      "netInterestIncome": "1071000000",
      "interestIncome": "5760000000",
      "interestExpense": "4689000000",
      "nonInterestIncome": "None",
      "otherNonOperatingIncome": "None",
      "depreciation": "None",
      "depreciationAndAmortization": "399000000",
      "incomeBeforeTax": "3127000000",
      "incomeTaxExpense": "706000000",
      "interestAndDebtExpense": "None",
      "netIncomeFromContinuingOperations": "2421000000",
      "comprehensiveIncomeNetOfTax": "None",
      "ebit": "3127000000",
      "ebitda": "3526000000",
      "netIncome": "2421000000"
    },
    {
      "fiscalDateEnding": "2019-03-31",
      "reportedCurrency": "USD",
      "grossProfit": "8807000000",
      "totalRevenue": "8807000000",
      "costOfRevenue": "3484000000",
      "costofGoodsAndServicesSold": "3484000000",
      "operatingIncome": "2719000000",
      "sellingGeneralAndAdministrative": "3259000000",
      "researchAndDevelopment": "None",
      "operatingExpenses": "6088000000",
      "investmentIncomeNet": "None",
      "netInterestIncome": "1218000000",
      "interestIncome": "5597000000",
      "interestExpense": "4379000000",
      "nonInterestIncome": "None",
      "otherNonOperatingIncome": "None",
      "depreciation": "None",
      "depreciationAndAmortization": "368000000",
      "incomeBeforeTax": "2719000000",
      "incomeTaxExpense": "468000000",
      "interestAndDebtExpense": "None",
      "netIncomeFromContinuingOperations": "2251000000",
      "comprehensiveIncomeNetOfTax": "None",
      "ebit": "2719000000",
      "ebitda": "3087000000",
      "netIncome": "2251000000"
    },
    {
      "fiscalDateEnding": "2018-12-31",
      "reportedCurrency": "USD",
      "grossProfit": "8532000000",
      "totalRevenue": "8532000000",
      "costOfRevenue": "13137000000",
      "costofGoodsAndServicesSold": "13137000000",
      "operatingIncome": "2708000000",
      "sellingGeneralAndAdministrative": "1656000000",
      "researchAndDevelopment": "0",
      "operatingExpenses": "5824000000",
      "investmentIncomeNet": "None",
      "netInterestIncome": "None",
      "interestIncome": "None",
      "interestExpense": "4477000000",
      "nonInterestIncome": "None",
      "otherNonOperatingIncome": "None",
      "depreciation": "None",
      "depreciationAndAmortization": "377000000",
      "incomeBeforeTax": "2708000000",
      "incomeTaxExpense": "170000000",
      "interestAndDebtExpense": "None",
      "netIncomeFromContinuingOperations": "2538000000",
      "comprehensiveIncomeNetOfTax": "None",
      "ebit": "2708000000",
      "ebitda": "3085000000",
      "netIncome": "2538000000"
    },
    {
      "fiscalDateEnding": "2018-09-30",
      "reportedCurrency": "USD",
      "grossProfit": "8820000000",
      "totalRevenue": "8820000000",
      "costOfRevenue": "3294000000",
      "costofGoodsAndServicesSold": "3294000000",
      "operatingIncome": "3078000000",
      "sellingGeneralAndAdministrative": "3019000000",
      "researchAndDevelopment": "0",
      "operatingExpenses": "5742000000",
      "investmentIncomeNet": "None",
      "netInterestIncome": "None",
      "interestIncome": "None",
      "interestExpense": "4205000000",
      "nonInterestIncome": "None",
      "otherNonOperatingIncome": "None",
      "depreciation": "None",
      "depreciationAndAmortization": "317000000",
      "incomeBeforeTax": "3078000000",
      "incomeTaxExpense": "554000000",
      "interestAndDebtExpense": "None",
      "netIncomeFromContinuingOperations": "2524000000",
      "comprehensiveIncomeNetOfTax": "None",
      "ebit": "3078000000",
      "ebitda": "3395000000",
      "netIncome": "2524000000"
    },
    {
      "fiscalDateEnding": "2018-06-30",
      "reportedCurrency": "USD",
      "grossProfit": "9636000000",
      "totalRevenue": "9636000000",
      "costOfRevenue": "3663000000",
      "costofGoodsAndServicesSold": "3663000000",
      "operatingIncome": "3276000000",
      "sellingGeneralAndAdministrative": "3395000000",
      "researchAndDevelopment": "0",
      "operatingExpenses": "6360000000",
      "investmentIncomeNet": "None",
      "netInterestIncome": "None",
      "interestIncome": "None",
      "interestExpense": "3918000000",
      "nonInterestIncome": "None",
      "otherNonOperatingIncome": "None",
      "depreciation": "None",
      "depreciationAndAmortization": "335000000",
      "incomeBeforeTax": "3276000000",
      "incomeTaxExpense": "711000000",
      "interestAndDebtExpense": "None",
      "netIncomeFromContinuingOperations": "2565000000",
      "comprehensiveIncomeNetOfTax": "None",
      "ebit": "3276000000",
      "ebitda": "3611000000",
      "netIncome": "2565000000"
    },
    {
      "fiscalDateEnding": "2018-03-31",
      "reportedCurrency": "USD",
      "grossProfit": "10080000000",
      "totalRevenue": "10080000000",
      "costOfRevenue": "4309000000",
      "costofGoodsAndServicesSold": "4309000000",
      "operatingIncome": "3419000000",
      "sellingGeneralAndAdministrative": "4057000000",
      "researchAndDevelopment": "0",
      "operatingExpenses": "6661000000",
      "investmentIncomeNet": "None",
      "netInterestIncome": "None",
      "interestIncome": "None",
      "interestExpense": "3312000000",
      "nonInterestIncome": "None",
      "otherNonOperatingIncome": "None",
      "depreciation": "None",
      "depreciationAndAmortization": "299000000",
      "incomeBeforeTax": "3419000000",
      "incomeTaxExpense": "587000000",
      "interestAndDebtExpense": "None",
      "netIncomeFromContinuingOperations": "2832000000",
      "comprehensiveIncomeNetOfTax": "None",
      "ebit": "3419000000",
      "ebitda": "3718000000",
      "netIncome": "2832000000"
    },
    {
      "fiscalDateEnding": "2017-12-31",
      "reportedCurrency": "USD",
      "grossProfit": "7828000000",
      "totalRevenue": "7828000000",
      "costOfRevenue": "12586000000",
      "costofGoodsAndServicesSold": "12586000000",
      "operatingIncome": "3108000000",
      "sellingGeneralAndAdministrative": "2157000000",
      "researchAndDevelopment": "0",
      "operatingExpenses": "4720000000",
      "investmentIncomeNet": "None",
      "netInterestIncome": "None",
      "interestIncome": "None",
      "interestExpense": "2838000000",
      "nonInterestIncome": "None",
      "otherNonOperatingIncome": "None",
      "depreciation": "None",
      "depreciationAndAmortization": "350000000",
      "incomeBeforeTax": "3108000000",
      "incomeTaxExpense": "5036000000",
      "interestAndDebtExpense": "None",
      "netIncomeFromContinuingOperations": "-1928000000",
      "comprehensiveIncomeNetOfTax": "None",
      "ebit": "3108000000",
      "ebitda": "3458000000",
      "netIncome": "-1928000000"
    },
    {
      "fiscalDateEnding": "2017-09-30",
      "reportedCurrency": "USD",
      "grossProfit": "8326000000",
      "totalRevenue": "8326000000",
      "costOfRevenue": "3349000000",
      "costofGoodsAndServicesSold": "3349000000",
      "operatingIncome": "2976000000",
      "sellingGeneralAndAdministrative": "3172000000",
      "researchAndDevelopment": "0",
      "operatingExpenses": "5350000000",
      "investmentIncomeNet": "None",
      "netInterestIncome": "None",
      "interestIncome": "None",
      "interestExpense": "2681000000",
      "nonInterestIncome": "None",
      "otherNonOperatingIncome": "None",
      "depreciation": "None",
      "depreciationAndAmortization": "280000000",
      "incomeBeforeTax": "2976000000",
      "incomeTaxExpense": "848000000",
      "interestAndDebtExpense": "None",
      "netIncomeFromContinuingOperations": "2128000000",
      "comprehensiveIncomeNetOfTax": "None",
      "ebit": "2976000000",
      "ebitda": "3256000000",
      "netIncome": "2128000000"
    },
    {
      "fiscalDateEnding": "2017-06-30",
      "reportedCurrency": "USD",
      "grossProfit": "7887000000",
      "totalRevenue": "7887000000",
      "costOfRevenue": "3423000000",
      "costofGoodsAndServicesSold": "3423000000",
      "operatingIncome": "2509000000",
      "sellingGeneralAndAdministrative": "3233000000",
      "researchAndDevelopment": "0",
      "operatingExpenses": "5378000000",
      "investmentIncomeNet": "None",
      "netInterestIncome": "None",
      "interestIncome": "None",
      "interestExpense": "2432000000",
      "nonInterestIncome": "None",
      "otherNonOperatingIncome": "None",
      "depreciation": "None",
      "depreciationAndAmortization": "265000000",
      "incomeBeforeTax": "2509000000",
      "incomeTaxExpense": "678000000",
      "interestAndDebtExpense": "None",
      "netIncomeFromContinuingOperations": "1831000000",
      "comprehensiveIncomeNetOfTax": "None",
      "ebit": "2509000000",
      "ebitda": "2774000000",
      "netIncome": "1831000000"
    },
    {
      "fiscalDateEnding": "2017-03-31",
      "reportedCurrency": "USD",
      "grossProfit": "8026000000",
      "totalRevenue": "8026000000",
      "costOfRevenue": "3467000000",
      "costofGoodsAndServicesSold": "3467000000",
      "operatingIncome": "2539000000",
      "sellingGeneralAndAdministrative": "3291000000",
      "researchAndDevelopment": "0",
      "operatingExpenses": "5487000000",
      "investmentIncomeNet": "None",
      "netInterestIncome": "None",
      "interestIncome": "None",
      "interestExpense": "2230000000",
      "nonInterestIncome": "None",
      "otherNonOperatingIncome": "None",
      "depreciation": "None",
      "depreciationAndAmortization": "257000000",
      "incomeBeforeTax": "2539000000",
      "incomeTaxExpense": "284000000",
      "interestAndDebtExpense": "None",
      "netIncomeFromContinuingOperations": "2255000000",
      "comprehensiveIncomeNetOfTax": "None",
      "ebit": "2539000000",
      "ebitda": "2796000000",
      "netIncome": "2255000000"
    },
    {
      "fiscalDateEnding": "2016-12-31",
      "reportedCurrency": "USD",
      "grossProfit": "8170000000",
      "totalRevenue": "8170000000",
      "costOfRevenue": "12435000000",
      "costofGoodsAndServicesSold": "12435000000",
      "operatingIncome": "3397000000",
      "sellingGeneralAndAdministrative": "2447000000",
      "researchAndDevelopment": "0",
      "operatingExpenses": "4773000000",
      "investmentIncomeNet": "None",
      "netInterestIncome": "None",
      "interestIncome": "None",
      "interestExpense": "2088000000",
      "nonInterestIncome": "None",
      "otherNonOperatingIncome": "None",
      "depreciation": "None",
      "depreciationAndAmortization": "267000000",
      "incomeBeforeTax": "3397000000",
      "incomeTaxExpense": "1050000000",
      "interestAndDebtExpense": "None",
      "netIncomeFromContinuingOperations": "2347000000",
      "comprehensiveIncomeNetOfTax": "None",
      "ebit": "3397000000",
      "ebitda": "3664000000",
      "netIncome": "2347000000"
    },
    {
      "fiscalDateEnding": "2016-09-30",
      "reportedCurrency": "USD",
      "grossProfit": "8168000000",
      "totalRevenue": "8168000000",
      "costOfRevenue": "3452000000",
      "costofGoodsAndServicesSold": "3452000000",
      "operatingIncome": "2868000000",
      "sellingGeneralAndAdministrative": "3207000000",
      "researchAndDevelopment": "0",
      "operatingExpenses": "5300000000",
      "investmentIncomeNet": "None",
      "netInterestIncome": "None",
      "interestIncome": "None",
      "interestExpense": "1775000000",
      "nonInterestIncome": "None",
      "otherNonOperatingIncome": "None",
      "depreciation": "None",
      "depreciationAndAmortization": "247000000",
      "incomeBeforeTax": "2868000000",
      "incomeTaxExpense": "774000000",
      "interestAndDebtExpense": "None",
      "netIncomeFromContinuingOperations": "2094000000",
      "comprehensiveIncomeNetOfTax": "None",
      "ebit": "2868000000",
      "ebitda": "3115000000",
      "netIncome": "2094000000"
    },
    {
      "fiscalDateEnding": "2016-06-30",
      "reportedCurrency": "USD",
      "grossProfit": "7932000000",
      "totalRevenue": "7932000000",
      "costOfRevenue": "3512000000",
      "costofGoodsAndServicesSold": "3512000000",
      "operatingIncome": "2463000000",
      "sellingGeneralAndAdministrative": "3331000000",
      "researchAndDevelopment": "0",
      "operatingExpenses": "5469000000",
      "investmentIncomeNet": "None",
      "netInterestIncome": "None",
      "interestIncome": "None",
      "interestExpense": "1776000000",
      "nonInterestIncome": "None",
      "otherNonOperatingIncome": "None",
      "depreciation": "None",
      "depreciationAndAmortization": "245000000",
      "incomeBeforeTax": "2463000000",
      "incomeTaxExpense": "641000000",
      "interestAndDebtExpense": "None",
      "netIncomeFromContinuingOperations": "1822000000",
      "comprehensiveIncomeNetOfTax": "None",
      "ebit": "2463000000",
      "ebitda": "2708000000",
      "netIncome": "1822000000"
    },
    {
      "fiscalDateEnding": "2016-03-31",
      "reportedCurrency": "USD",
      "grossProfit": "6338000000",
      "totalRevenue": "6338000000",
      "costOfRevenue": "2845000000",
      "costofGoodsAndServicesSold": "2845000000",
      "operatingIncome": "1576000000",
      "sellingGeneralAndAdministrative": "2662000000",
      "researchAndDevelopment": "0",
      "operatingExpenses": "4762000000",
      "investmentIncomeNet": "None",
      "netInterestIncome": "None",
      "interestIncome": "None",
      "interestExpense": "1465000000",
      "nonInterestIncome": "None",
      "otherNonOperatingIncome": "None",
      "depreciation": "None",
      "depreciationAndAmortization": "239000000",
      "incomeBeforeTax": "1576000000",
      "incomeTaxExpense": "441000000",
      "interestAndDebtExpense": "None",
      "netIncomeFromContinuingOperations": "1135000000",
      "comprehensiveIncomeNetOfTax": "None",
      "ebit": "1576000000",
      "ebitda": "1815000000",
      "netIncome": "1135000000"
    },
    {
      "fiscalDateEnding": "2015-12-31",
      "reportedCurrency": "USD",
      "grossProfit": "7273000000",
      "totalRevenue": "7273000000",
      "costOfRevenue": "13450000000",
      "costofGoodsAndServicesSold": "13450000000",
      "operatingIncome": "1072000000",
      "sellingGeneralAndAdministrative": "2059000000",
      "researchAndDevelopment": "0",
      "operatingExpenses": "6201000000",
      "investmentIncomeNet": "None",
      "netInterestIncome": "None",
      "interestIncome": "None",
      "interestExpense": "1448000000",
      "nonInterestIncome": "None",
      "otherNonOperatingIncome": "None",
      "depreciation": "None",
      "depreciationAndAmortization": "285000000",
      "incomeBeforeTax": "1072000000",
      "incomeTaxExpense": "307000000",
      "interestAndDebtExpense": "None",
      "netIncomeFromContinuingOperations": "765000000",
      "comprehensiveIncomeNetOfTax": "None",
      "ebit": "1072000000",
      "ebitda": "1357000000",
      "netIncome": "765000000"
    },
    {
      "fiscalDateEnding": "2015-09-30",
      "reportedCurrency": "USD",
      "grossProfit": "6861000000",
      "totalRevenue": "6861000000",
      "costOfRevenue": "2533000000",
      "costofGoodsAndServicesSold": "2533000000",
      "operatingIncome": "2046000000",
      "sellingGeneralAndAdministrative": "2351000000",
      "researchAndDevelopment": "0",
      "operatingExpenses": "4815000000",
      "investmentIncomeNet": "None",
      "netInterestIncome": "None",
      "interestIncome": "None",
      "interestExpense": "1277000000",
      "nonInterestIncome": "None",
      "otherNonOperatingIncome": "None",
      "depreciation": "None",
      "depreciationAndAmortization": "222000000",
      "incomeBeforeTax": "2046000000",
      "incomeTaxExpense": "620000000",
      "interestAndDebtExpense": "None",
      "netIncomeFromContinuingOperations": "1426000000",
      "comprehensiveIncomeNetOfTax": "None",
      "ebit": "2046000000",
      "ebitda": "2268000000",
      "netIncome": "1426000000"
    },
    {
      "fiscalDateEnding": "2015-06-30",
      "reportedCurrency": "USD",
      "grossProfit": "9069000000",
      "totalRevenue": "9069000000",
      "costOfRevenue": "3995000000",
      "costofGoodsAndServicesSold": "3995000000",
      "operatingIncome": "1726000000",
      "sellingGeneralAndAdministrative": "3809000000",
      "researchAndDevelopment": "0",
      "operatingExpenses": "7343000000",
      "investmentIncomeNet": "None",
      "netInterestIncome": "None",
      "interestIncome": "None",
      "interestExpense": "1487000000",
      "nonInterestIncome": "None",
      "otherNonOperatingIncome": "None",
      "depreciation": "None",
      "depreciationAndAmortization": "265000000",
      "incomeBeforeTax": "1726000000",
      "incomeTaxExpense": "678000000",
      "interestAndDebtExpense": "None",
      "netIncomeFromContinuingOperations": "1048000000",
      "comprehensiveIncomeNetOfTax": "None",
      "ebit": "1726000000",
      "ebitda": "1991000000",
      "netIncome": "1048000000"
    },
    {
      "fiscalDateEnding": "2015-03-31",
      "reportedCurrency": "USD",
      "grossProfit": "10583000000",
      "totalRevenue": "10583000000",
      "costOfRevenue": "4663000000",
      "costofGoodsAndServicesSold": "4663000000",
      "operatingIncome": "3934000000",
      "sellingGeneralAndAdministrative": "4459000000",
      "researchAndDevelopment": "0",
      "operatingExpenses": "6649000000",
      "investmentIncomeNet": "None",
      "netInterestIncome": "None",
      "interestIncome": "None",
      "interestExpense": "1176000000",
      "nonInterestIncome": "None",
      "otherNonOperatingIncome": "None",
      "depreciation": "None",
      "depreciationAndAmortization": "219000000",
      "incomeBeforeTax": "3934000000",
      "incomeTaxExpense": "1090000000",
      "interestAndDebtExpense": "None",
      "netIncomeFromContinuingOperations": "2844000000",
      "comprehensiveIncomeNetOfTax": "None",
      "ebit": "3934000000",
      "ebitda": "4153000000",
      "netIncome": "2844000000"
    },
    {
      "fiscalDateEnding": "2014-12-31",
      "reportedCurrency": "USD",
      "grossProfit": "7688000000",
      "totalRevenue": "7688000000",
      "costOfRevenue": "4205000000",
      "costofGoodsAndServicesSold": "4205000000",
      "operatingIncome": "3210000000",
      "sellingGeneralAndAdministrative": "1955000000",
      "researchAndDevelopment": "0",
      "operatingExpenses": "4478000000",
      "investmentIncomeNet": "None",
      "netInterestIncome": "None",
      "interestIncome": "None",
      "interestExpense": "1173000000",
      "nonInterestIncome": "None",
      "otherNonOperatingIncome": "None",
      "depreciation": "None",
      "depreciationAndAmortization": "352000000",
      "incomeBeforeTax": "3210000000",
      "incomeTaxExpense": "1044000000",
      "interestAndDebtExpense": "None",
      "netIncomeFromContinuingOperations": "2166000000",
      "comprehensiveIncomeNetOfTax": "None",
      "ebit": "3210000000",
      "ebitda": "3562000000",
      "netIncome": "2166000000"
    },
    {
      "fiscalDateEnding": "2014-09-30",
      "reportedCurrency": "USD",
      "grossProfit": "8387000000",
      "totalRevenue": "8387000000",
      "costOfRevenue": "3013000000",
      "costofGoodsAndServicesSold": "3013000000",
      "operatingIncome": "3305000000",
      "sellingGeneralAndAdministrative": "2801000000",
      "researchAndDevelopment": "0",
      "operatingExpenses": "5082000000",
      "investmentIncomeNet": "None",
      "netInterestIncome": "None",
      "interestIncome": "None",
      "interestExpense": "1248000000",
      "nonInterestIncome": "None",
      "otherNonOperatingIncome": "None",
      "depreciation": "None",
      "depreciationAndAmortization": "301000000",
      "incomeBeforeTax": "3305000000",
      "incomeTaxExpense": "1064000000",
      "interestAndDebtExpense": "None",
      "netIncomeFromContinuingOperations": "2241000000",
      "comprehensiveIncomeNetOfTax": "None",
      "ebit": "3305000000",
      "ebitda": "3606000000",
      "netIncome": "2241000000"
    },
    {
      "fiscalDateEnding": "2014-06-30",
      "reportedCurrency": "USD",
      "grossProfit": "9125000000",
      "totalRevenue": "9125000000",
      "costOfRevenue": "4129000000",
      "costofGoodsAndServicesSold": "4129000000",
      "operatingIncome": "2821000000",
      "sellingGeneralAndAdministrative": "3924000000",
      "researchAndDevelopment": "0",
      "operatingExpenses": "6304000000",
      "investmentIncomeNet": "None",
      "netInterestIncome": "None",
      "interestIncome": "None",
      "interestExpense": "1579000000",
      "nonInterestIncome": "None",
      "otherNonOperatingIncome": "None",
      "depreciation": "None",
      "depreciationAndAmortization": "294000000",
      "incomeBeforeTax": "2821000000",
      "incomeTaxExpense": "784000000",
      "interestAndDebtExpense": "None",
      "netIncomeFromContinuingOperations": "2037000000",
      "comprehensiveIncomeNetOfTax": "None",
      "ebit": "2821000000",
      "ebitda": "3115000000",
      "netIncome": "2037000000"
    },
    {
      "fiscalDateEnding": "2014-03-31",
      "reportedCurrency": "USD",
      "grossProfit": "9328000000",
      "totalRevenue": "9328000000",
      "costOfRevenue": "4221000000",
      "costofGoodsAndServicesSold": "4221000000",
      "operatingIncome": "3021000000",
      "sellingGeneralAndAdministrative": "4011000000",
      "researchAndDevelopment": "0",
      "operatingExpenses": "6307000000",
      "investmentIncomeNet": "None",
      "netInterestIncome": "None",
      "interestIncome": "None",
      "interestExpense": "1557000000",
      "nonInterestIncome": "None",
      "otherNonOperatingIncome": "None",
      "depreciation": "None",
      "depreciationAndAmortization": "390000000",
      "incomeBeforeTax": "3021000000",
      "incomeTaxExpense": "988000000",
      "interestAndDebtExpense": "None",
      "netIncomeFromContinuingOperations": "2033000000",
      "comprehensiveIncomeNetOfTax": "None",
      "ebit": "3021000000",
      "ebitda": "3411000000",
      "netIncome": "2033000000"
    },
    {
      "fiscalDateEnding": "2013-12-31",
      "reportedCurrency": "USD",
      "grossProfit": "8782000000",
      "totalRevenue": "8782000000",
      "costOfRevenue": "4851000000",
      "costofGoodsAndServicesSold": "4851000000",
      "operatingIncome": "3552000000",
      "sellingGeneralAndAdministrative": "2189000000",
      "researchAndDevelopment": "0",
      "operatingExpenses": "5230000000",
      "investmentIncomeNet": "None",
      "netInterestIncome": "None",
      "interestIncome": "None",
      "interestExpense": "1590000000",
      "nonInterestIncome": "None",
      "otherNonOperatingIncome": "None",
      "depreciation": "None",
      "depreciationAndAmortization": "474000000",
      "incomeBeforeTax": "3552000000",
      "incomeTaxExpense": "1220000000",
      "interestAndDebtExpense": "None",
      "netIncomeFromContinuingOperations": "2332000000",
      "comprehensiveIncomeNetOfTax": "None",
      "ebit": "3552000000",
      "ebitda": "4026000000",
      "netIncome": "2332000000"
    },
    {
      "fiscalDateEnding": "2013-09-30",
      "reportedCurrency": "USD",
      "grossProfit": "6722000000",
      "totalRevenue": "6722000000",
      "costOfRevenue": "2587000000",
      "costofGoodsAndServicesSold": "2587000000",
      "operatingIncome": "2167000000",
      "sellingGeneralAndAdministrative": "2382000000",
      "researchAndDevelopment": "0",
      "operatingExpenses": "4555000000",
      "investmentIncomeNet": "None",
      "netInterestIncome": "None",
      "interestIncome": "None",
      "interestExpense": "1558000000",
      "nonInterestIncome": "None",
      "otherNonOperatingIncome": "None",
      "depreciation": "None",
      "depreciationAndAmortization": "280000000",
      "incomeBeforeTax": "2167000000",
      "incomeTaxExpense": "650000000",
      "interestAndDebtExpense": "None",
      "netIncomeFromContinuingOperations": "1517000000",
      "comprehensiveIncomeNetOfTax": "None",
      "ebit": "2167000000",
      "ebitda": "2447000000",
      "netIncome": "1517000000"
    },
    {
      "fiscalDateEnding": "2013-06-30",
      "reportedCurrency": "USD",
      "grossProfit": "8612000000",
      "totalRevenue": "8612000000",
      "costOfRevenue": "3913000000",
      "costofGoodsAndServicesSold": "3913000000",
      "operatingIncome": "2645000000",
      "sellingGeneralAndAdministrative": "3752000000",
      "researchAndDevelopment": "0",
      "operatingExpenses": "5967000000",
      "investmentIncomeNet": "None",
      "netInterestIncome": "None",
      "interestIncome": "None",
      "interestExpense": "1837000000",
      "nonInterestIncome": "None",
      "otherNonOperatingIncome": "2663000000",
      "depreciation": "None",
      "depreciationAndAmortization": "266000000",
      "incomeBeforeTax": "2645000000",
      "incomeTaxExpense": "714000000",
      "interestAndDebtExpense": "None",
      "netIncomeFromContinuingOperations": "1931000000",
      "comprehensiveIncomeNetOfTax": "None",
      "ebit": "2645000000",
      "ebitda": "2911000000",
      "netIncome": "1931000000"
    },
    {
      "fiscalDateEnding": "2013-03-31",
      "reportedCurrency": "USD",
      "grossProfit": "10090000000",
      "totalRevenue": "10090000000",
      "costOfRevenue": "4557000000",
      "costofGoodsAndServicesSold": "4557000000",
      "operatingIncome": "3373000000",
      "sellingGeneralAndAdministrative": "4466000000",
      "researchAndDevelopment": "0",
      "operatingExpenses": "6717000000",
      "investmentIncomeNet": "None",
      "netInterestIncome": "None",
      "interestIncome": "None",
      "interestExpense": "1683000000",
      "nonInterestIncome": "None",
      "otherNonOperatingIncome": "2608000000",
      "depreciation": "None",
      "depreciationAndAmortization": "302000000",
      "incomeBeforeTax": "3373000000",
      "incomeTaxExpense": "1113000000",
      "interestAndDebtExpense": "None",
      "netIncomeFromContinuingOperations": "2260000000",
      "comprehensiveIncomeNetOfTax": "None",
      "ebit": "3373000000",
      "ebitda": "3675000000",
      "netIncome": "2260000000"
    },
    {
      "fiscalDateEnding": "2012-12-31",
      "reportedCurrency": "USD",
      "grossProfit": "8736000000",
      "totalRevenue": "8736000000",
      "costOfRevenue": "13819000000",
      "costofGoodsAndServicesSold": "13819000000",
      "operatingIncome": "4313000000",
      "sellingGeneralAndAdministrative": "1555000000",
      "researchAndDevelopment": "0",
      "operatingExpenses": "4423000000",
      "investmentIncomeNet": "None",
      "netInterestIncome": "None",
      "interestIncome": "None",
      "interestExpense": "1891000000",
      "nonInterestIncome": "None",
      "otherNonOperatingIncome": "None",
      "depreciation": "None",
      "depreciationAndAmortization": "500000000",
      "incomeBeforeTax": "4313000000",
      "incomeTaxExpense": "1421000000",
      "interestAndDebtExpense": "None",
      "netIncomeFromContinuingOperations": "0",
      "comprehensiveIncomeNetOfTax": "None",
      "ebit": "4313000000",
      "ebitda": "4813000000",
      "netIncome": "2892000000"
    },
    {
      "fiscalDateEnding": "2012-09-30",
      "reportedCurrency": "USD",
      "grossProfit": "8351000000",
      "totalRevenue": "8351000000",
      "costOfRevenue": "3892000000",
      "costofGoodsAndServicesSold": "3892000000",
      "operatingIncome": "2298000000",
      "sellingGeneralAndAdministrative": "3828000000",
      "researchAndDevelopment": "0",
      "operatingExpenses": "6053000000",
      "investmentIncomeNet": "None",
      "netInterestIncome": "None",
      "interestIncome": "None",
      "interestExpense": "1793000000",
      "nonInterestIncome": "None",
      "otherNonOperatingIncome": "None",
      "depreciation": "None",
      "depreciationAndAmortization": "396000000",
      "incomeBeforeTax": "2298000000",
      "incomeTaxExpense": "786000000",
      "interestAndDebtExpense": "None",
      "netIncomeFromContinuingOperations": "0",
      "comprehensiveIncomeNetOfTax": "None",
      "ebit": "2298000000",
      "ebitda": "2694000000",
      "netIncome": "1512000000"
    },
    {
      "fiscalDateEnding": "2012-06-30",
      "reportedCurrency": "USD",
      "grossProfit": "6627000000",
      "totalRevenue": "6627000000",
      "costOfRevenue": "3129000000",
      "costofGoodsAndServicesSold": "3129000000",
      "operatingIncome": "1415000000",
      "sellingGeneralAndAdministrative": "3036000000",
      "researchAndDevelopment": "0",
      "operatingExpenses": "5212000000",
      "investmentIncomeNet": "None",
      "netInterestIncome": "None",
      "interestIncome": "None",
      "interestExpense": "1965000000",
      "nonInterestIncome": "None",
      "otherNonOperatingIncome": "None",
      "depreciation": "None",
      "depreciationAndAmortization": "409000000",
      "incomeBeforeTax": "1415000000",
      "incomeTaxExpense": "453000000",
      "interestAndDebtExpense": "None",
      "netIncomeFromContinuingOperations": "0",
      "comprehensiveIncomeNetOfTax": "None",
      "ebit": "1415000000",
      "ebitda": "1824000000",
      "netIncome": "962000000"
    },
    {
      "fiscalDateEnding": "2012-03-31",
      "reportedCurrency": "USD",
      "grossProfit": "9949000000",
      "totalRevenue": "9949000000",
      "costOfRevenue": "6426000000",
      "costofGoodsAndServicesSold": "6426000000",
      "operatingIncome": "3181000000",
      "sellingGeneralAndAdministrative": "4535000000",
      "researchAndDevelopment": "0",
      "operatingExpenses": "6768000000",
      "investmentIncomeNet": "None",
      "netInterestIncome": "None",
      "interestIncome": "None",
      "interestExpense": "1852000000",
      "nonInterestIncome": "None",
      "otherNonOperatingIncome": "None",
      "depreciation": "None",
      "depreciationAndAmortization": "433000000",
      "incomeBeforeTax": "3181000000",
      "incomeTaxExpense": "1072000000",
      "interestAndDebtExpense": "None",
      "netIncomeFromContinuingOperations": "0",
      "comprehensiveIncomeNetOfTax": "None",
      "ebit": "3181000000",
      "ebitda": "3614000000",
      "netIncome": "2109000000"
    },
    {
      "fiscalDateEnding": "2011-12-31",
      "reportedCurrency": "USD",
      "grossProfit": "6049000000",
      "totalRevenue": "6049000000",
      "costOfRevenue": "1030000000",
      "costofGoodsAndServicesSold": "1030000000",
      "operatingIncome": "1247000000",
      "sellingGeneralAndAdministrative": "2120000000",
      "researchAndDevelopment": "0",
      "operatingExpenses": "4802000000",
      "investmentIncomeNet": "None",
      "netInterestIncome": "None",
      "interestIncome": "None",
      "interestExpense": "1967000000",
      "nonInterestIncome": "None",
      "otherNonOperatingIncome": "None",
      "depreciation": "None",
      "depreciationAndAmortization": "514000000",
      "incomeBeforeTax": "1247000000",
      "incomeTaxExpense": "234000000",
      "interestAndDebtExpense": "None",
      "netIncomeFromContinuingOperations": "0",
      "comprehensiveIncomeNetOfTax": "None",
      "ebit": "1247000000",
      "ebitda": "1761000000",
      "netIncome": "1013000000"
    },
    {
      "fiscalDateEnding": "2011-09-30",
      "reportedCurrency": "USD",
      "grossProfit": "3587000000",
      "totalRevenue": "3587000000",
      "costOfRevenue": "1840000000",
      "costofGoodsAndServicesSold": "1840000000",
      "operatingIncome": "-730000000",
      "sellingGeneralAndAdministrative": "1984000000",
      "researchAndDevelopment": "0",
      "operatingExpenses": "4317000000",
      "investmentIncomeNet": "None",
      "netInterestIncome": "None",
      "interestIncome": "None",
      "interestExpense": "1998000000",
      "nonInterestIncome": "None",
      "otherNonOperatingIncome": "3354000000",
      "depreciation": "None",
      "depreciationAndAmortization": "389000000",
      "incomeBeforeTax": "-730000000",
      "incomeTaxExpense": "-337000000",
      "interestAndDebtExpense": "None",
      "netIncomeFromContinuingOperations": "-393000000",
      "comprehensiveIncomeNetOfTax": "None",
      "ebit": "-730000000",
      "ebitda": "-341000000",
      "netIncome": "-393000000"
    },
    {
      "fiscalDateEnding": "2011-06-30",
      "reportedCurrency": "USD",
      "grossProfit": "7281000000",
      "totalRevenue": "7281000000",
      "costOfRevenue": "3456000000",
      "costofGoodsAndServicesSold": "3456000000",
      "operatingIncome": "1612000000",
      "sellingGeneralAndAdministrative": "3531000000",
      "researchAndDevelopment": "0",
      "operatingExpenses": "5669000000",
      "investmentIncomeNet": "None",
      "netInterestIncome": "None",
      "interestIncome": "None",
      "interestExpense": "2268000000",
      "nonInterestIncome": "None",
      "otherNonOperatingIncome": "3681000000",
      "depreciation": "None",
      "depreciationAndAmortization": "372000000",
      "incomeBeforeTax": "1612000000",
      "incomeTaxExpense": "525000000",
      "interestAndDebtExpense": "None",
      "netIncomeFromContinuingOperations": "1087000000",
      "comprehensiveIncomeNetOfTax": "None",
      "ebit": "1612000000",
      "ebitda": "1984000000",
      "netIncome": "1087000000"
    },
    {
      "fiscalDateEnding": "2011-03-31",
      "reportedCurrency": "USD",
      "grossProfit": "11894000000",
      "totalRevenue": "11894000000",
      "costOfRevenue": "5500000000",
      "costofGoodsAndServicesSold": "5500000000",
      "operatingIncome": "4040000000",
      "sellingGeneralAndAdministrative": "5519000000",
      "researchAndDevelopment": "0",
      "operatingExpenses": "7854000000",
      "investmentIncomeNet": "None",
      "netInterestIncome": "None",
      "interestIncome": "None",
      "interestExpense": "1749000000",
      "nonInterestIncome": "None",
      "otherNonOperatingIncome": "3107000000",
      "depreciation": "None",
      "depreciationAndAmortization": "594000000",
      "incomeBeforeTax": "4040000000",
      "incomeTaxExpense": "1305000000",
      "interestAndDebtExpense": "None",
      "netIncomeFromContinuingOperations": "-6052000000",
      "comprehensiveIncomeNetOfTax": "None",
      "ebit": "4040000000",
      "ebitda": "4634000000",
      "netIncome": "2735000000"
    },
    {
      "fiscalDateEnding": "2010-12-31",
      "reportedCurrency": "USD",
      "grossProfit": "8642000000",
      "totalRevenue": "8642000000",
      "costOfRevenue": "4354000000",
      "costofGoodsAndServicesSold": "4354000000",
      "operatingIncome": "3474000000",
      "sellingGeneralAndAdministrative": "1099000000",
      "researchAndDevelopment": "0",
      "operatingExpenses": "5168000000",
      "investmentIncomeNet": "None",
      "netInterestIncome": "None",
      "interestIncome": "None",
      "interestExpense": "1731000000",
      "nonInterestIncome": "None",
      "otherNonOperatingIncome": "None",
      "depreciation": "None",
      "depreciationAndAmortization": "731000000",
      "incomeBeforeTax": "3474000000",
      "incomeTaxExpense": "1087000000",
      "interestAndDebtExpense": "None",
      "netIncomeFromContinuingOperations": "0",
      "comprehensiveIncomeNetOfTax": "None",
      "ebit": "3474000000",
      "ebitda": "4205000000",
      "netIncome": "2387000000"
    },
    {
      "fiscalDateEnding": "2010-09-30",
      "reportedCurrency": "USD",
      "grossProfit": "8903000000",
      "totalRevenue": "8903000000",
      "costOfRevenue": "4125000000",
      "costofGoodsAndServicesSold": "4125000000",
      "operatingIncome": "2811000000",
      "sellingGeneralAndAdministrative": "4020000000",
      "researchAndDevelopment": "0",
      "operatingExpenses": "6092000000",
      "investmentIncomeNet": "None",
      "netInterestIncome": "None",
      "interestIncome": "None",
      "interestExpense": "1809000000",
      "nonInterestIncome": "None",
      "otherNonOperatingIncome": "None",
      "depreciation": "None",
      "depreciationAndAmortization": "358000000",
      "incomeBeforeTax": "2811000000",
      "incomeTaxExpense": "913000000",
      "interestAndDebtExpense": "None",
      "netIncomeFromContinuingOperations": "0",
      "comprehensiveIncomeNetOfTax": "None",
      "ebit": "2811000000",
      "ebitda": "3169000000",
      "netIncome": "1898000000"
    },
    {
      "fiscalDateEnding": "2010-06-30",
      "reportedCurrency": "USD",
      "grossProfit": "8841000000",
      "totalRevenue": "8841000000",
      "costOfRevenue": "4076000000",
      "costofGoodsAndServicesSold": "4076000000",
      "operatingIncome": "1448000000",
      "sellingGeneralAndAdministrative": "3988000000",
      "researchAndDevelopment": "0",
      "operatingExpenses": "7393000000",
      "investmentIncomeNet": "None",
      "netInterestIncome": "None",
      "interestIncome": "None",
      "interestExpense": "1683000000",
      "nonInterestIncome": "None",
      "otherNonOperatingIncome": "None",
      "depreciation": "None",
      "depreciationAndAmortization": "440000000",
      "incomeBeforeTax": "1448000000",
      "incomeTaxExpense": "835000000",
      "interestAndDebtExpense": "None",
      "netIncomeFromContinuingOperations": "0",
      "comprehensiveIncomeNetOfTax": "None",
      "ebit": "1448000000",
      "ebitda": "1888000000",
      "netIncome": "613000000"
    },
    {
      "fiscalDateEnding": "2010-03-31",
      "reportedCurrency": "USD",
      "grossProfit": "12775000000",
      "totalRevenue": "12775000000",
      "costOfRevenue": "5749000000",
      "costofGoodsAndServicesSold": "5749000000",
      "operatingIncome": "5159000000",
      "sellingGeneralAndAdministrative": "5669000000",
      "researchAndDevelopment": "0",
      "operatingExpenses": "7616000000",
      "investmentIncomeNet": "None",
      "netInterestIncome": "None",
      "interestIncome": "None",
      "interestExpense": "1583000000",
      "nonInterestIncome": "None",
      "otherNonOperatingIncome": "None",
      "depreciation": "None",
      "depreciationAndAmortization": "375000000",
      "incomeBeforeTax": "5159000000",
      "incomeTaxExpense": "1703000000",
      "interestAndDebtExpense": "None",
      "netIncomeFromContinuingOperations": "0",
      "comprehensiveIncomeNetOfTax": "None",
      "ebit": "5159000000",
      "ebitda": "5534000000",
      "netIncome": "3456000000"
    },
    {
      "fiscalDateEnding": "2009-12-31",
      "reportedCurrency": "USD",
      "grossProfit": "9615000000",
      "totalRevenue": "9615000000",
      "costOfRevenue": "1915000000",
      "costofGoodsAndServicesSold": "1915000000",
      "operatingIncome": "7377000000",
      "sellingGeneralAndAdministrative": "1059000000",
      "researchAndDevelopment": "0",
      "operatingExpenses": "2238000000",
      "investmentIncomeNet": "None",
      "netInterestIncome": "None",
      "interestIncome": "None",
      "interestExpense": "1307000000",
      "nonInterestIncome": "None",
      "otherNonOperatingIncome": "None",
      "depreciation": "None",
      "depreciationAndAmortization": "394000000",
      "incomeBeforeTax": "7377000000",
      "incomeTaxExpense": "2429000000",
      "interestAndDebtExpense": "None",
      "netIncomeFromContinuingOperations": "0",
      "comprehensiveIncomeNetOfTax": "None",
      "ebit": "7377000000",
      "ebitda": "7771000000",
      "netIncome": "4948000000"
    },
    {
      "fiscalDateEnding": "2009-09-30",
      "reportedCurrency": "USD",
      "grossProfit": "12372000000",
      "totalRevenue": "12372000000",
      "costOfRevenue": "5581000000",
      "costofGoodsAndServicesSold": "5581000000",
      "operatingIncome": "4794000000",
      "sellingGeneralAndAdministrative": "5545000000",
      "researchAndDevelopment": "0",
      "operatingExpenses": "7578000000",
      "investmentIncomeNet": "None",
      "netInterestIncome": "None",
      "interestIncome": "None",
      "interestExpense": "1310000000",
      "nonInterestIncome": "None",
      "otherNonOperatingIncome": "None",
      "depreciation": "None",
      "depreciationAndAmortization": "373000000",
      "incomeBeforeTax": "4794000000",
      "incomeTaxExpense": "1606000000",
      "interestAndDebtExpense": "None",
      "netIncomeFromContinuingOperations": "0",
      "comprehensiveIncomeNetOfTax": "None",
      "ebit": "4794000000",
      "ebitda": "5167000000",
      "netIncome": "3188000000"
    },
    {
      "fiscalDateEnding": "2009-06-30",
      "reportedCurrency": "USD",
      "grossProfit": "13761000000",
      "totalRevenue": "13761000000",
      "costOfRevenue": "6891000000",
      "costofGoodsAndServicesSold": "6891000000",
      "operatingIncome": "5029000000",
      "sellingGeneralAndAdministrative": "6822000000",
      "researchAndDevelopment": "0",
      "operatingExpenses": "8732000000",
      "investmentIncomeNet": "None",
      "netInterestIncome": "None",
      "interestIncome": "None",
      "interestExpense": "1428000000",
      "nonInterestIncome": "None",
      "otherNonOperatingIncome": "None",
      "depreciation": "None",
      "depreciationAndAmortization": "527000000",
      "incomeBeforeTax": "5029000000",
      "incomeTaxExpense": "1594000000",
      "interestAndDebtExpense": "None",
      "netIncomeFromContinuingOperations": "0",
      "comprehensiveIncomeNetOfTax": "None",
      "ebit": "5029000000",
      "ebitda": "5556000000",
      "netIncome": "3435000000"
    },
    {
      "fiscalDateEnding": "2009-03-31",
      "reportedCurrency": "USD",
      "grossProfit": "9425000000",
      "totalRevenue": "9425000000",
      "costOfRevenue": "4953000000",
      "costofGoodsAndServicesSold": "4953000000",
      "operatingIncome": "2629000000",
      "sellingGeneralAndAdministrative": "4885000000",
      "researchAndDevelopment": "0",
      "operatingExpenses": "6796000000",
      "investmentIncomeNet": "None",
      "netInterestIncome": "None",
      "interestIncome": "None",
      "interestExpense": "2455000000",
      "nonInterestIncome": "None",
      "otherNonOperatingIncome": "None",
      "depreciation": "None",
      "depreciationAndAmortization": "649000000",
      "incomeBeforeTax": "2629000000",
      "incomeTaxExpense": "815000000",
      "interestAndDebtExpense": "None",
      "netIncomeFromContinuingOperations": "0",
      "comprehensiveIncomeNetOfTax": "None",
      "ebit": "2629000000",
      "ebitda": "3278000000",
      "netIncome": "1814000000"
    },
    {
      "fiscalDateEnding": "2008-12-31",
      "reportedCurrency": "USD",
      "grossProfit": "-1578000000",
      "totalRevenue": "-1578000000",
      "costOfRevenue": "-237000000",
      "costofGoodsAndServicesSold": "-237000000",
      "operatingIncome": "-3599000000",
      "sellingGeneralAndAdministrative": "7758000000",
      "researchAndDevelopment": "None",
      "operatingExpenses": "2021000000",
      "investmentIncomeNet": "None",
      "netInterestIncome": "None",
      "interestIncome": "None",
      "interestExpense": "5260000000",
      "nonInterestIncome": "None",
      "otherNonOperatingIncome": "None",
      "depreciation": "None",
      "depreciationAndAmortization": "579000000",
      "incomeBeforeTax": "-3599000000",
      "incomeTaxExpense": "-1478000000",
      "interestAndDebtExpense": "None",
      "netIncomeFromContinuingOperations": "None",
      "comprehensiveIncomeNetOfTax": "None",
      "ebit": "-3599000000",
      "ebitda": "-3020000000",
      "netIncome": "-2121000000"
    },
    {
      "fiscalDateEnding": "2008-09-30",
      "reportedCurrency": "USD",
      "grossProfit": "6043000000",
      "totalRevenue": "6043000000",
      "costOfRevenue": "3138000000",
      "costofGoodsAndServicesSold": "3138000000",
      "operatingIncome": "960000000",
      "sellingGeneralAndAdministrative": "2901000000",
      "researchAndDevelopment": "0",
      "operatingExpenses": "5083000000",
      "investmentIncomeNet": "None",
      "netInterestIncome": "None",
      "interestIncome": "None",
      "interestExpense": "7582000000",
      "nonInterestIncome": "None",
      "otherNonOperatingIncome": "None",
      "depreciation": "None",
      "depreciationAndAmortization": "392000000",
      "incomeBeforeTax": "960000000",
      "incomeTaxExpense": "115000000",
      "interestAndDebtExpense": "None",
      "netIncomeFromContinuingOperations": "0",
      "comprehensiveIncomeNetOfTax": "None",
      "ebit": "960000000",
      "ebitda": "1352000000",
      "netIncome": "845000000"
    },
    {
      "fiscalDateEnding": "2008-06-30",
      "reportedCurrency": "USD",
      "grossProfit": "9422000000",
      "totalRevenue": "9422000000",
      "costOfRevenue": "4756000000",
      "costofGoodsAndServicesSold": "4756000000",
      "operatingIncome": "2832000000",
      "sellingGeneralAndAdministrative": "4522000000",
      "researchAndDevelopment": "0",
      "operatingExpenses": "6590000000",
      "investmentIncomeNet": "None",
      "netInterestIncome": "None",
      "interestIncome": "None",
      "interestExpense": "8221000000",
      "nonInterestIncome": "None",
      "otherNonOperatingIncome": "None",
      "depreciation": "None",
      "depreciationAndAmortization": "311000000",
      "incomeBeforeTax": "2832000000",
      "incomeTaxExpense": "745000000",
      "interestAndDebtExpense": "None",
      "netIncomeFromContinuingOperations": "0",
      "comprehensiveIncomeNetOfTax": "None",
      "ebit": "2832000000",
      "ebitda": "3143000000",
      "netIncome": "2087000000"
    },
    {
      "fiscalDateEnding": "2008-03-31",
      "reportedCurrency": "USD",
      "grossProfit": "8335000000",
      "totalRevenue": "8335000000",
      "costOfRevenue": "4237000000",
      "costofGoodsAndServicesSold": "4237000000",
      "operatingIncome": "2143000000",
      "sellingGeneralAndAdministrative": "4001000000",
      "researchAndDevelopment": "0",
      "operatingExpenses": "6192000000",
      "investmentIncomeNet": "None",
      "netInterestIncome": "None",
      "interestIncome": "None",
      "interestExpense": "10294000000",
      "nonInterestIncome": "None",
      "otherNonOperatingIncome": "None",
      "depreciation": "None",
      "depreciationAndAmortization": "343000000",
      "incomeBeforeTax": "2143000000",
      "incomeTaxExpense": "632000000",
      "interestAndDebtExpense": "None",
      "netIncomeFromContinuingOperations": "0",
      "comprehensiveIncomeNetOfTax": "None",
      "ebit": "2143000000",
      "ebitda": "2486000000",
      "netIncome": "1511000000"
    },
    {
      "fiscalDateEnding": "2007-12-31",
      "reportedCurrency": "USD",
      "grossProfit": "0",
      "totalRevenue": "7983000000",
      "costOfRevenue": "5938000000",
      "costofGoodsAndServicesSold": "5938000000",
      "operatingIncome": "12437000000",
      "sellingGeneralAndAdministrative": "3272000000",
      "researchAndDevelopment": "0",
      "operatingExpenses": "5686000000",
      "investmentIncomeNet": "None",
      "netInterestIncome": "None",
      "interestIncome": "None",
      "interestExpense": "10793000000",
      "nonInterestIncome": "None",
      "otherNonOperatingIncome": "None",
      "depreciation": "None",
      "depreciationAndAmortization": "331000000",
      "incomeBeforeTax": "5055000000",
      "incomeTaxExpense": "1840000000",
      "interestAndDebtExpense": "None",
      "netIncomeFromContinuingOperations": "0",
      "comprehensiveIncomeNetOfTax": "None",
      "ebit": "15848000000",
      "ebitda": "16179000000",
      "netIncome": "3215000000"
    },
    {
      "fiscalDateEnding": "2007-09-30",
      "reportedCurrency": "USD",
      "grossProfit": "10741000000",
      "totalRevenue": "10741000000",
      "costOfRevenue": "6138000000",
      "costofGoodsAndServicesSold": "6138000000",
      "operatingIncome": "5055000000",
      "sellingGeneralAndAdministrative": "3272000000",
      "researchAndDevelopment": "0",
      "operatingExpenses": "5686000000",
      "investmentIncomeNet": "None",
      "netInterestIncome": "None",
      "interestIncome": "None",
      "interestExpense": "10793000000",
      "nonInterestIncome": "None",
      "otherNonOperatingIncome": "None",
      "depreciation": "None",
      "depreciationAndAmortization": "331000000",
      "incomeBeforeTax": "5055000000",
      "incomeTaxExpense": "1840000000",
      "interestAndDebtExpense": "None",
      "netIncomeFromContinuingOperations": "0",
      "comprehensiveIncomeNetOfTax": "None",
      "ebit": "5055000000",
      "ebitda": "5386000000",
      "netIncome": "3215000000"
    },
    {
      "fiscalDateEnding": "2007-06-30",
      "reportedCurrency": "USD",
      "grossProfit": "10182000000",
      "totalRevenue": "10182000000",
      "costOfRevenue": "5097000000",
      "costofGoodsAndServicesSold": "5097000000",
      "operatingIncome": "3431000000",
      "sellingGeneralAndAdministrative": "4887000000",
      "researchAndDevelopment": "0",
      "operatingExpenses": "6751000000",
      "investmentIncomeNet": "None",
      "netInterestIncome": "None",
      "interestIncome": "None",
      "interestExpense": "10169000000",
      "nonInterestIncome": "None",
      "otherNonOperatingIncome": "None",
      "depreciation": "None",
      "depreciationAndAmortization": "281000000",
      "incomeBeforeTax": "3431000000",
      "incomeTaxExpense": "1098000000",
      "interestAndDebtExpense": "None",
      "netIncomeFromContinuingOperations": "0",
      "comprehensiveIncomeNetOfTax": "None",
      "ebit": "3431000000",
      "ebitda": "3712000000",
      "netIncome": "2333000000"
    },
    {
      "fiscalDateEnding": "2007-03-31",
      "reportedCurrency": "USD",
      "grossProfit": "12730000000",
      "totalRevenue": "12730000000",
      "costOfRevenue": "6315000000",
      "costofGoodsAndServicesSold": "6315000000",
      "operatingIncome": "4859000000",
      "sellingGeneralAndAdministrative": "6111000000",
      "researchAndDevelopment": "0",
      "operatingExpenses": "7871000000",
      "investmentIncomeNet": "None",
      "netInterestIncome": "None",
      "interestIncome": "None",
      "interestExpense": "9550000000",
      "nonInterestIncome": "None",
      "otherNonOperatingIncome": "None",
      "depreciation": "None",
      "depreciationAndAmortization": "272000000",
      "incomeBeforeTax": "4859000000",
      "incomeTaxExpense": "1662000000",
      "interestAndDebtExpense": "None",
      "netIncomeFromContinuingOperations": "0",
      "comprehensiveIncomeNetOfTax": "None",
      "ebit": "4859000000",
      "ebitda": "5131000000",
      "netIncome": "3197000000"
    },
    {
      "fiscalDateEnding": "2006-12-31",
      "reportedCurrency": "USD",
      "grossProfit": "9407000000",
      "totalRevenue": "9407000000",
      "costOfRevenue": "17307000000",
      "costofGoodsAndServicesSold": "17307000000",
      "operatingIncome": "4985000000",
      "sellingGeneralAndAdministrative": "2560000000",
      "researchAndDevelopment": "0",
      "operatingExpenses": "4422000000",
      "investmentIncomeNet": "None",
      "netInterestIncome": "None",
      "interestIncome": "None",
      "interestExpense": "8719000000",
      "nonInterestIncome": "None",
      "otherNonOperatingIncome": "None",
      "depreciation": "None",
      "depreciationAndAmortization": "266000000",
      "incomeBeforeTax": "4985000000",
      "incomeTaxExpense": "1833000000",
      "interestAndDebtExpense": "None",
      "netIncomeFromContinuingOperations": "0",
      "comprehensiveIncomeNetOfTax": "None",
      "ebit": "4985000000",
      "ebitda": "5251000000",
      "netIncome": "3152000000"
    },
    {
      "fiscalDateEnding": "2006-09-30",
      "reportedCurrency": "USD",
      "grossProfit": "7584000000",
      "totalRevenue": "7584000000",
      "costOfRevenue": "7463000000",
      "costofGoodsAndServicesSold": "7463000000",
      "operatingIncome": "2362000000",
      "sellingGeneralAndAdministrative": "3510000000",
      "researchAndDevelopment": "0",
      "operatingExpenses": "5222000000",
      "investmentIncomeNet": "None",
      "netInterestIncome": "None",
      "interestIncome": "None",
      "interestExpense": "8395000000",
      "nonInterestIncome": "None",
      "otherNonOperatingIncome": "None",
      "depreciation": "None",
      "depreciationAndAmortization": "251000000",
      "incomeBeforeTax": "2362000000",
      "incomeTaxExpense": "768000000",
      "interestAndDebtExpense": "None",
      "netIncomeFromContinuingOperations": "0",
      "comprehensiveIncomeNetOfTax": "None",
      "ebit": "2362000000",
      "ebitda": "2613000000",
      "netIncome": "1594000000"
    },
    {
      "fiscalDateEnding": "2006-06-30",
      "reportedCurrency": "USD",
      "grossProfit": "10241000000",
      "totalRevenue": "10241000000",
      "costOfRevenue": "10097000000",
      "costofGoodsAndServicesSold": "10097000000",
      "operatingIncome": "3524000000",
      "sellingGeneralAndAdministrative": "5086000000",
      "researchAndDevelopment": "0",
      "operatingExpenses": "6717000000",
      "investmentIncomeNet": "None",
      "netInterestIncome": "None",
      "interestIncome": "None",
      "interestExpense": "7761000000",
      "nonInterestIncome": "None",
      "otherNonOperatingIncome": "None",
      "depreciation": "None",
      "depreciationAndAmortization": "259000000",
      "incomeBeforeTax": "3524000000",
      "incomeTaxExpense": "1212000000",
      "interestAndDebtExpense": "None",
      "netIncomeFromContinuingOperations": "0",
      "comprehensiveIncomeNetOfTax": "None",
      "ebit": "3524000000",
      "ebitda": "3783000000",
      "netIncome": "2312000000"
    },
    {
      "fiscalDateEnding": "2006-03-31",
      "reportedCurrency": "USD",
      "grossProfit": "10433000000",
      "totalRevenue": "10433000000",
      "costOfRevenue": "10335000000",
      "costofGoodsAndServicesSold": "10335000000",
      "operatingIncome": "3689000000",
      "sellingGeneralAndAdministrative": "5301000000",
      "researchAndDevelopment": "0",
      "operatingExpenses": "6744000000",
      "investmentIncomeNet": "None",
      "netInterestIncome": "None",
      "interestIncome": "None",
      "interestExpense": "6813000000",
      "nonInterestIncome": "None",
      "otherNonOperatingIncome": "None",
      "depreciation": "None",
      "depreciationAndAmortization": "219000000",
      "incomeBeforeTax": "3689000000",
      "incomeTaxExpense": "1210000000",
      "interestAndDebtExpense": "None",
      "netIncomeFromContinuingOperations": "0",
      "comprehensiveIncomeNetOfTax": "None",
      "ebit": "3689000000",
      "ebitda": "3908000000",
      "netIncome": "2479000000"
    },
    {
      "fiscalDateEnding": "2005-12-31",
      "reportedCurrency": "USD",
      "grossProfit": "6403000000",
      "totalRevenue": "6403000000",
      "costOfRevenue": "24782000000",
      "costofGoodsAndServicesSold": "24782000000",
      "operatingIncome": "2479000000",
      "sellingGeneralAndAdministrative": "2440000000",
      "researchAndDevelopment": "0",
      "operatingExpenses": "3924000000",
      "investmentIncomeNet": "None",
      "netInterestIncome": "None",
      "interestIncome": "None",
      "interestExpense": "5742000000",
      "nonInterestIncome": "None",
      "otherNonOperatingIncome": "None",
      "depreciation": "None",
      "depreciationAndAmortization": "216000000",
      "incomeBeforeTax": "2479000000",
      "incomeTaxExpense": "847000000",
      "interestAndDebtExpense": "None",
      "netIncomeFromContinuingOperations": "0",
      "comprehensiveIncomeNetOfTax": "None",
      "ebit": "2479000000",
      "ebitda": "2695000000",
      "netIncome": "1632000000"
    },
    {
      "fiscalDateEnding": "2005-09-30",
      "reportedCurrency": "USD",
      "grossProfit": "7393000000",
      "totalRevenue": "7393000000",
      "costOfRevenue": "7285000000",
      "costofGoodsAndServicesSold": "7285000000",
      "operatingIncome": "2405000000",
      "sellingGeneralAndAdministrative": "3642000000",
      "researchAndDevelopment": "0",
      "operatingExpenses": "4988000000",
      "investmentIncomeNet": "None",
      "netInterestIncome": "None",
      "interestIncome": "None",
      "interestExpense": "4940000000",
      "nonInterestIncome": "None",
      "otherNonOperatingIncome": "None",
      "depreciation": "None",
      "depreciationAndAmortization": "210000000",
      "incomeBeforeTax": "2405000000",
      "incomeTaxExpense": "788000000",
      "interestAndDebtExpense": "None",
      "netIncomeFromContinuingOperations": "0",
      "comprehensiveIncomeNetOfTax": "None",
      "ebit": "2405000000",
      "ebitda": "2615000000",
      "netIncome": "1617000000"
    },
    {
      "fiscalDateEnding": "2005-06-30",
      "reportedCurrency": "USD",
      "grossProfit": "4927000000",
      "totalRevenue": "4927000000",
      "costOfRevenue": "4806000000",
      "costofGoodsAndServicesSold": "4806000000",
      "operatingIncome": "1244000000",
      "sellingGeneralAndAdministrative": "2403000000",
      "researchAndDevelopment": "0",
      "operatingExpenses": "3683000000",
      "investmentIncomeNet": "None",
      "netInterestIncome": "None",
      "interestIncome": "None",
      "interestExpense": "4022000000",
      "nonInterestIncome": "None",
      "otherNonOperatingIncome": "None",
      "depreciation": "None",
      "depreciationAndAmortization": "230000000",
      "incomeBeforeTax": "1244000000",
      "incomeTaxExpense": "379000000",
      "interestAndDebtExpense": "None",
      "netIncomeFromContinuingOperations": "0",
      "comprehensiveIncomeNetOfTax": "None",
      "ebit": "1244000000",
      "ebitda": "1474000000",
      "netIncome": "865000000"
    },
    {
      "fiscalDateEnding": "2005-03-31",
      "reportedCurrency": "USD",
      "grossProfit": "6515000000",
      "totalRevenue": "6515000000",
      "costOfRevenue": "6405000000",
      "costofGoodsAndServicesSold": "6405000000",
      "operatingIncome": "2145000000",
      "sellingGeneralAndAdministrative": "3203000000",
      "researchAndDevelopment": "0",
      "operatingExpenses": "4370000000",
      "investmentIncomeNet": "None",
      "netInterestIncome": "None",
      "interestIncome": "None",
      "interestExpense": "3449000000",
      "nonInterestIncome": "None",
      "otherNonOperatingIncome": "None",
      "depreciation": "None",
      "depreciationAndAmortization": "198000000",
      "incomeBeforeTax": "2145000000",
      "incomeTaxExpense": "633000000",
      "interestAndDebtExpense": "None",
      "netIncomeFromContinuingOperations": "0",
      "comprehensiveIncomeNetOfTax": "None",
      "ebit": "2145000000",
      "ebitda": "2343000000",
      "netIncome": "1512000000"
    }
  ]
}