{
  "symbol": "HCA",
  "annualReports": [
    {
      "fiscalDateEnding": "2024-12-31",
      "reportedCurrency": "USD",
      "grossProfit": "28678000000",
      "totalRevenue": "70603000000",
      "costOfRevenue": "41925000000",
      "costofGoodsAndServicesSold": "41925000000",
      "operatingIncome": "10547000000",
      "sellingGeneralAndAdministrative": "31170000000",
      "researchAndDevelopment": "None",
      "operatingExpenses": "18131000000",
      "investmentIncomeNet": "None",
      "netInterestIncome": "-2061000000",
      "interestIncome": "None",
      "interestExpense": "2061000000",
      "nonInterestIncome": "None",
      "otherNonOperatingIncome": "None",
      "depreciation": "None",
      "depreciationAndAmortization": "3312000000",
      "incomeBeforeTax": "8523000000",
      "incomeTaxExpense": "1866000000",
      "interestAndDebtExpense": "None",
      "netIncomeFromContinuingOperations": "6657000000",
      "comprehensiveIncomeNetOfTax": "None",
      "ebit": "10584000000",
      "ebitda": "13896000000",
      "netIncome": "5760000000"
    },
    {
      "fiscalDateEnding": "2023-12-31",
      "reportedCurrency": "USD",
      "grossProfit": "9627000000",
      "totalRevenue": "64968000000",
      "costOfRevenue": "55341000000",
      "costofGoodsAndServicesSold": "55341000000",
      "operatingIncome": "9627000000",
      "sellingGeneralAndAdministrative": "29487000000",
      "researchAndDevelopment": "None",
      "operatingExpenses": "45439000000",
      "investmentIncomeNet": "None",
      "netInterestIncome": "-1938000000",
      "interestIncome": "None",
      "interestExpense": "1938000000",
      "nonInterestIncome": "None",
      "otherNonOperatingIncome": "None",
      "depreciation": "None",
      "depreciationAndAmortization": "3077000000",
      "incomeBeforeTax": "7706000000",
      "incomeTaxExpense": "1615000000",
      "interestAndDebtExpense": "None",
      "netIncomeFromContinuingOperations": "6091000000",
      "comprehensiveIncomeNetOfTax": "None",
      "ebit": "9644000000",
      "ebitda": "12721000000",
      "netIncome": "5242000000"
    },
    {
      "fiscalDateEnding": "2022-12-31",
      "reportedCurrency": "USD",
      "grossProfit": "50862000000",
      "totalRevenue": "60233000000",
      "costOfRevenue": "9371000000",
      "costofGoodsAndServicesSold": "9371000000",
      "operatingIncome": "9098000000",
      "sellingGeneralAndAdministrative": "27685000000",
      "researchAndDevelopment": "None",
      "operatingExpenses": "41809000000",
      "investmentIncomeNet": "None",
      "netInterestIncome": "-1741000000",
      "interestIncome": "1696000000",
      "interestExpense": "1741000000",
      "nonInterestIncome": "None",
      "otherNonOperatingIncome": "1268000000",
      "depreciation": "None",
      "depreciationAndAmortization": "2969000000",
      "incomeBeforeTax": "8580000000",
      "incomeTaxExpense": "1746000000",
      "interestAndDebtExpense": "None",
      "netIncomeFromContinuingOperations": "6834000000",
      "comprehensiveIncomeNetOfTax": "None",
      "ebit": "10321000000",
      "ebitda": "13290000000",
      "netIncome": "5643000000"
    },
    {
      "fiscalDateEnding": "2021-12-31",
      "reportedCurrency": "USD",
      "grossProfit": "49271000000",
      "totalRevenue": "58752000000",
      "costOfRevenue": "9481000000",
      "costofGoodsAndServicesSold": "9481000000",
      "operatingIncome": "9791000000",
      "sellingGeneralAndAdministrative": "26779000000",
      "researchAndDevelopment": "None",
      "operatingExpenses": "39593000000",
      "investmentIncomeNet": "None",
      "netInterestIncome": "-1566000000",
      "interestIncome": "1453000000",
      "interestExpense": "1566000000",
      "nonInterestIncome": "None",
      "otherNonOperatingIncome": "1721000000",
      "depreciation": "None",
      "depreciationAndAmortization": "2853000000",
      "incomeBeforeTax": "9833000000",
      "incomeTaxExpense": "2112000000",
      "interestAndDebtExpense": "None",
      "netIncomeFromContinuingOperations": "7721000000",
      "comprehensiveIncomeNetOfTax": "None",
      "ebit": "11399000000",
      "ebitda": "14252000000",
      "netIncome": "6956000000"
    },
    {
      "fiscalDateEnding": "2020-12-31",
      "reportedCurrency": "USD",
      "grossProfit": "43164000000",
      "totalRevenue": "51533000000",
      "costOfRevenue": "8369000000",
      "costofGoodsAndServicesSold": "8369000000",
      "operatingIncome": "7316000000",
      "sellingGeneralAndAdministrative": "23874000000",
      "researchAndDevelopment": "None",
      "operatingExpenses": "35902000000",
      "investmentIncomeNet": "None",
      "netInterestIncome": "-1584000000",
      "interestIncome": "1530000000",
      "interestExpense": "1584000000",
      "nonInterestIncome": "None",
      "otherNonOperatingIncome": "-248000000",
      "depreciation": "None",
      "depreciationAndAmortization": "2721000000",
      "incomeBeforeTax": "5430000000",
      "incomeTaxExpense": "1043000000",
      "interestAndDebtExpense": "None",
      "netIncomeFromContinuingOperations": "4387000000",
      "comprehensiveIncomeNetOfTax": "None",
      "ebit": "7014000000",
      "ebitda": "9735000000",
      "netIncome": "3754000000"
    },
    {
      "fiscalDateEnding": "2019-12-31",
      "reportedCurrency": "USD",
      "grossProfit": "42855000000",
      "totalRevenue": "51336000000",
      "costOfRevenue": "8481000000",
      "costofGoodsAndServicesSold": "8481000000",
      "operatingIncome": "7261000000",
      "sellingGeneralAndAdministrative": "23560000000",
      "researchAndDevelopment": "None",
      "operatingExpenses": "35637000000",
      "investmentIncomeNet": "None",
      "netInterestIncome": "-1824000000",
      "interestIncome": "1781000000",
      "interestExpense": "1824000000",
      "nonInterestIncome": "None",
      "otherNonOperatingIncome": "-150000000",
      "depreciation": "None",
      "depreciationAndAmortization": "2596000000",
      "incomeBeforeTax": "5244000000",
      "incomeTaxExpense": "1099000000",
      "interestAndDebtExpense": "None",
      "netIncomeFromContinuingOperations": "4145000000",
      "comprehensiveIncomeNetOfTax": "None",
      "ebit": "7068000000",
      "ebitda": "9664000000",
      "netIncome": "3505000000"
    },
    {
      "fiscalDateEnding": "2018-12-31",
      "reportedCurrency": "USD",
      "grossProfit": "38953000000",
      "totalRevenue": "46677000000",
      "costOfRevenue": "7724000000",
      "costofGoodsAndServicesSold": "7724000000",
      "operatingIncome": "6642000000",
      "sellingGeneralAndAdministrative": "21425000000",
      "researchAndDevelopment": "0",
      "operatingExpenses": "32311000000",
      "investmentIncomeNet": "None",
      "netInterestIncome": "-1755000000",
      "interestIncome": "1726000000",
      "interestExpense": "1755000000",
      "nonInterestIncome": "None",
      "otherNonOperatingIncome": "448000000",
      "depreciation": "None",
      "depreciationAndAmortization": "2278000000",
      "incomeBeforeTax": "5335000000",
      "incomeTaxExpense": "946000000",
      "interestAndDebtExpense": "None",
      "netIncomeFromContinuingOperations": "4389000000",
      "comprehensiveIncomeNetOfTax": "None",
      "ebit": "7090000000",
      "ebitda": "9368000000",
      "netIncome": "3787000000"
    },
    {
      "fiscalDateEnding": "2017-12-31",
      "reportedCurrency": "USD",
      "grossProfit": "36298000000",
      "totalRevenue": "43614000000",
      "costOfRevenue": "7316000000",
      "costofGoodsAndServicesSold": "7316000000",
      "operatingIncome": "6102000000",
      "sellingGeneralAndAdministrative": "20059000000",
      "researchAndDevelopment": "0",
      "operatingExpenses": "30241000000",
      "investmentIncomeNet": "None",
      "netInterestIncome": "-1690000000",
      "interestIncome": "1645000000",
      "interestExpense": "1690000000",
      "nonInterestIncome": "None",
      "otherNonOperatingIncome": "14000000",
      "depreciation": "None",
      "depreciationAndAmortization": "2131000000",
      "incomeBeforeTax": "4381000000",
      "incomeTaxExpense": "1638000000",
      "interestAndDebtExpense": "None",
      "netIncomeFromContinuingOperations": "2743000000",
      "comprehensiveIncomeNetOfTax": "None",
      "ebit": "6071000000",
      "ebitda": "8202000000",
      "netIncome": "2216000000"
    },
    {
      "fiscalDateEnding": "2016-12-31",
      "reportedCurrency": "USD",
      "grossProfit": "34557000000",
      "totalRevenue": "41490000000",
      "costOfRevenue": "6933000000",
      "costofGoodsAndServicesSold": "6933000000",
      "operatingIncome": "6252000000",
      "sellingGeneralAndAdministrative": "18897000000",
      "researchAndDevelopment": "0",
      "operatingExpenses": "28359000000",
      "investmentIncomeNet": "None",
      "netInterestIncome": "-1707000000",
      "interestIncome": "1653000000",
      "interestExpense": "1707000000",
      "nonInterestIncome": "None",
      "otherNonOperatingIncome": "73000000",
      "depreciation": "None",
      "depreciationAndAmortization": "1966000000",
      "incomeBeforeTax": "4810000000",
      "incomeTaxExpense": "1378000000",
      "interestAndDebtExpense": "None",
      "netIncomeFromContinuingOperations": "3432000000",
      "comprehensiveIncomeNetOfTax": "None",
      "ebit": "6517000000",
      "ebitda": "8483000000",
      "netIncome": "2890000000"
    },
    {
      "fiscalDateEnding": "2015-12-31",
      "reportedCurrency": "USD",
      "grossProfit": "33040000000",
      "totalRevenue": "39678000000",
      "costOfRevenue": "6638000000",
      "costofGoodsAndServicesSold": "6638000000",
      "operatingIncome": "6011000000",
      "sellingGeneralAndAdministrative": "18115000000",
      "researchAndDevelopment": "0",
      "operatingExpenses": "27075000000",
      "investmentIncomeNet": "None",
      "netInterestIncome": "None",
      "interestIncome": "1619000000",
      "interestExpense": "1665000000",
      "nonInterestIncome": "None",
      "otherNonOperatingIncome": "-94000000",
      "depreciation": "None",
      "depreciationAndAmortization": "1904000000",
      "incomeBeforeTax": "3957000000",
      "incomeTaxExpense": "1261000000",
      "interestAndDebtExpense": "None",
      "netIncomeFromContinuingOperations": "2696000000",
      "comprehensiveIncomeNetOfTax": "None",
      "ebit": "5622000000",
      "ebitda": "7526000000",
      "netIncome": "2129000000"
    },
    {
      "fiscalDateEnding": "2014-12-31",
      "reportedCurrency": "USD",
      "grossProfit": "30656000000",
      "totalRevenue": "36918000000",
      "costOfRevenue": "6262000000",
      "costofGoodsAndServicesSold": "6262000000",
      "operatingIncome": "5608000000",
      "sellingGeneralAndAdministrative": "16641000000",
      "researchAndDevelopment": "0",
      "operatingExpenses": "25091000000",
      "investmentIncomeNet": "None",
      "netInterestIncome": "None",
      "interestIncome": "None",
      "interestExpense": "1743000000",
      "nonInterestIncome": "None",
      "otherNonOperatingIncome": "-263000000",
      "depreciation": "None",
      "depreciationAndAmortization": "1820000000",
      "incomeBeforeTax": "3481000000",
      "incomeTaxExpense": "1108000000",
      "interestAndDebtExpense": "None",
      "netIncomeFromContinuingOperations": "2373000000",
      "comprehensiveIncomeNetOfTax": "None",
      "ebit": "5224000000",
      "ebitda": "7044000000",
      "netIncome": "1875000000"
    },
    {
      "fiscalDateEnding": "2013-12-31",
      "reportedCurrency": "USD",
      "grossProfit": "28212000000",
      "totalRevenue": "34182000000",
      "costOfRevenue": "5970000000",
      "costofGoodsAndServicesSold": "5970000000",
      "operatingIncome": "4821000000",
      "sellingGeneralAndAdministrative": "15646000000",
      "researchAndDevelopment": "0",
      "operatingExpenses": "23420000000",
      "investmentIncomeNet": "None",
      "netInterestIncome": "None",
      "interestIncome": "None",
      "interestExpense": "1848000000",
      "nonInterestIncome": "None",
      "otherNonOperatingIncome": "2000000",
      "depreciation": "None",
      "depreciationAndAmortization": "1753000000",
      "incomeBeforeTax": "2946000000",
      "incomeTaxExpense": "950000000",
      "interestAndDebtExpense": "None",
      "netIncomeFromContinuingOperations": "1780000000",
      "comprehensiveIncomeNetOfTax": "None",
      "ebit": "4794000000",
      "ebitda": "6547000000",
      "netIncome": "1556000000"
    },
    {
      "fiscalDateEnding": "2012-12-31",
      "reportedCurrency": "USD",
      "grossProfit": "27296000000",
      "totalRevenue": "33013000000",
      "costOfRevenue": "5717000000",
      "costofGoodsAndServicesSold": "5717000000",
      "operatingIncome": "4852000000",
      "sellingGeneralAndAdministrative": "15089000000",
      "researchAndDevelopment": "0",
      "operatingExpenses": "22480000000",
      "investmentIncomeNet": "None",
      "netInterestIncome": "None",
      "interestIncome": "None",
      "interestExpense": "1798000000",
      "nonInterestIncome": "None",
      "otherNonOperatingIncome": "51000000",
      "depreciation": "None",
      "depreciationAndAmortization": "1679000000",
      "incomeBeforeTax": "2894000000",
      "incomeTaxExpense": "888000000",
      "interestAndDebtExpense": "None",
      "netIncomeFromContinuingOperations": "1670000000",
      "comprehensiveIncomeNetOfTax": "None",
      "ebit": "4692000000",
      "ebitda": "6371000000",
      "netIncome": "1605000000"
    },
    {
      "fiscalDateEnding": "2011-12-31",
      "reportedCurrency": "USD",
      "grossProfit": "27327000000",
      "totalRevenue": "32506000000",
      "costOfRevenue": "5179000000",
      "costofGoodsAndServicesSold": "5179000000",
      "operatingIncome": "4596000000",
      "sellingGeneralAndAdministrative": "13440000000",
      "researchAndDevelopment": "0",
      "operatingExpenses": "22989000000",
      "investmentIncomeNet": "None",
      "netInterestIncome": "None",
      "interestIncome": "None",
      "interestExpense": "2037000000",
      "nonInterestIncome": "None",
      "otherNonOperatingIncome": "1441000000",
      "depreciation": "None",
      "depreciationAndAmortization": "1465000000",
      "incomeBeforeTax": "3561000000",
      "incomeTaxExpense": "719000000",
      "interestAndDebtExpense": "None",
      "netIncomeFromContinuingOperations": "2813000000",
      "comprehensiveIncomeNetOfTax": "None",
      "ebit": "5598000000",
      "ebitda": "7063000000",
      "netIncome": "2465000000"
    },
    {
      "fiscalDateEnding": "2010-12-31",
      "reportedCurrency": "USD",
      "grossProfit": "25722000000",
      "totalRevenue": "30683000000",
      "costOfRevenue": "4961000000",
      "costofGoodsAndServicesSold": "4961000000",
      "operatingIncome": "4447000000",
      "sellingGeneralAndAdministrative": "12484000000",
      "researchAndDevelopment": "None",
      "operatingExpenses": "21557000000",
      "investmentIncomeNet": "None",
      "netInterestIncome": "None",
      "interestIncome": "None",
      "interestExpense": "2097000000",
      "nonInterestIncome": "None",
      "otherNonOperatingIncome": "None",
      "depreciation": "None",
      "depreciationAndAmortization": "1421000000",
      "incomeBeforeTax": "2231000000",
      "incomeTaxExpense": "658000000",
      "interestAndDebtExpense": "None",
      "netIncomeFromContinuingOperations": "None",
      "comprehensiveIncomeNetOfTax": "None",
      "ebit": "4328000000",
      "ebitda": "5749000000",
      "netIncome": "1207000000"
    },
    {
      "fiscalDateEnding": "2009-12-31",
      "reportedCurrency": "USD",
      "grossProfit": "13226000000",
      "totalRevenue": "30052000000",
      "costOfRevenue": "16826000000",
      "costofGoodsAndServicesSold": "16826000000",
      "operatingIncome": "4032000000",
      "sellingGeneralAndAdministrative": "11958000000",
      "researchAndDevelopment": "None",
      "operatingExpenses": "9194000000",
      "investmentIncomeNet": "None",
      "netInterestIncome": "None",
      "interestIncome": "None",
      "interestExpense": "1987000000",
      "nonInterestIncome": "None",
      "otherNonOperatingIncome": "None",
      "depreciation": "None",
      "depreciationAndAmortization": "1425000000",
      "incomeBeforeTax": "2002000000",
      "incomeTaxExpense": "627000000",
      "interestAndDebtExpense": "None",
      "netIncomeFromContinuingOperations": "None",
      "comprehensiveIncomeNetOfTax": "None",
      "ebit": "3644000000",
      "ebitda": "5069000000",
      "netIncome": "1054000000"
    },
    {
      "fiscalDateEnding": "2008-12-31",
      "reportedCurrency": "USD",
      "grossProfit": "23754000000",
      "totalRevenue": "28374000000",
      "costOfRevenue": "4620000000",
      "costofGoodsAndServicesSold": "4620000000",
      "operatingIncome": "2700000000",
      "sellingGeneralAndAdministrative": "11440000000",
      "researchAndDevelopment": "None",
      "operatingExpenses": "20819000000",
      "investmentIncomeNet": "None",
      "netInterestIncome": "None",
      "interestIncome": "None",
      "interestExpense": "2021000000",
      "nonInterestIncome": "None",
      "otherNonOperatingIncome": "None",
      "depreciation": "None",
      "depreciationAndAmortization": "1416000000",
      "incomeBeforeTax": "941000000",
      "incomeTaxExpense": "268000000",
      "interestAndDebtExpense": "None",
      "netIncomeFromContinuingOperations": "None",
      "comprehensiveIncomeNetOfTax": "None",
      "ebit": "3191000000",
      "ebitda": "4607000000",
      "netIncome": "673000000"
    },
    {
      "fiscalDateEnding": "2007-12-31",
      "reportedCurrency": "USD",
      "grossProfit": "22463000000",
      "totalRevenue": "26858000000",
      "costOfRevenue": "4395000000",
      "costofGoodsAndServicesSold": "4395000000",
      "operatingIncome": "3158000000",
      "sellingGeneralAndAdministrative": "10714000000",
      "researchAndDevelopment": "None",
      "operatingExpenses": "19305000000",
      "investmentIncomeNet": "None",
      "netInterestIncome": "None",
      "interestIncome": "None",
      "interestExpense": "2215000000",
      "nonInterestIncome": "None",
      "otherNonOperatingIncome": "None",
      "depreciation": "None",
      "depreciationAndAmortization": "1426000000",
      "incomeBeforeTax": "1190000000",
      "incomeTaxExpense": "316000000",
      "interestAndDebtExpense": "None",
      "netIncomeFromContinuingOperations": "None",
      "comprehensiveIncomeNetOfTax": "None",
      "ebit": "3405000000",
      "ebitda": "4831000000",
      "netIncome": "874000000"
    },
    {
      "fiscalDateEnding": "2006-12-31",
      "reportedCurrency": "USD",
      "grossProfit": "21155000000",
      "totalRevenue": "25477000000",
      "costOfRevenue": "4322000000",
      "costofGoodsAndServicesSold": "4322000000",
      "operatingIncome": "3078000000",
      "sellingGeneralAndAdministrative": "10409000000",
      "researchAndDevelopment": "None",
      "operatingExpenses": "18077000000",
      "investmentIncomeNet": "None",
      "netInterestIncome": "None",
      "interestIncome": "None",
      "interestExpense": "955000000",
      "nonInterestIncome": "None",
      "otherNonOperatingIncome": "None",
      "depreciation": "None",
      "depreciationAndAmortization": "1391000000",
      "incomeBeforeTax": "1661000000",
      "incomeTaxExpense": "625000000",
      "interestAndDebtExpense": "None",
      "netIncomeFromContinuingOperations": "None",
      "comprehensiveIncomeNetOfTax": "None",
      "ebit": "2817000000",
      "ebitda": "4208000000",
      "netIncome": "1036000000"
    },
    {
      "fiscalDateEnding": "2005-12-31",
      "reportedCurrency": "USD",
      "grossProfit": "20329000000",
      "totalRevenue": "24455000000",
      "costOfRevenue": "4126000000",
      "costofGoodsAndServicesSold": "4126000000",
      "operatingIncome": "2548000000",
      "sellingGeneralAndAdministrative": "9928000000",
      "researchAndDevelopment": "None",
      "operatingExpenses": "17425000000",
      "investmentIncomeNet": "None",
      "netInterestIncome": "None",
      "interestIncome": "None",
      "interestExpense": "655000000",
      "nonInterestIncome": "None",
      "otherNonOperatingIncome": "None",
      "depreciation": "None",
      "depreciationAndAmortization": "1374000000",
      "incomeBeforeTax": "2149000000",
      "incomeTaxExpense": "725000000",
      "interestAndDebtExpense": "None",
      "netIncomeFromContinuingOperations": "None",
      "comprehensiveIncomeNetOfTax": "None",
      "ebit": "2982000000",
      "ebitda": "4356000000",
      "netIncome": "1424000000"
    }
  ],
  "quarterlyReports": [
    {
      "fiscalDateEnding": "2025-03-31",
      "reportedCurrency": "USD",
      "grossProfit": "15557000000",
      "totalRevenue": "18321000000",
      "costOfRevenue": "2764000000",
      "costofGoodsAndServicesSold": "2764000000",
      "operatingIncome": "2855000000",
      "sellingGeneralAndAdministrative": "7997000000",
      "researchAndDevelopment": "None",
      "operatingExpenses": "12702000000",
      "investmentIncomeNet": "None",
      "netInterestIncome": "-547000000",
      "interestIncome": "None",
      "interestExpense": "547000000",
      "nonInterestIncome": "None",
      "otherNonOperatingIncome": "None",
      "depreciation": "None",
      "depreciationAndAmortization": "860000000",
      "incomeBeforeTax": "2327000000",
      "incomeTaxExpense": "502000000",
      "interestAndDebtExpense": "None",
      "netIncomeFromContinuingOperations": "1825000000",
      "comprehensiveIncomeNetOfTax": "None",
      "ebit": "2874000000",
      "ebitda": "3734000000",
      "netIncome": "1610000000"
    },
    {
      "fiscalDateEnding": "2024-12-31",
      "reportedCurrency": "USD",
      "grossProfit": "15492000000",
      "totalRevenue": "18285000000",
      "costOfRevenue": "2793000000",
      "costofGoodsAndServicesSold": "2793000000",
      "operatingIncome": "2846000000",
      "sellingGeneralAndAdministrative": "7917000000",
      "researchAndDevelopment": "None",
      "operatingExpenses": "12646000000",
      "investmentIncomeNet": "None",
      "netInterestIncome": "-528000000",
      "interestIncome": "None",
      "interestExpense": "528000000",
      "nonInterestIncome": "None",
      "otherNonOperatingIncome": "None",
      "depreciation": "None",
      "depreciationAndAmortization": "856000000",
      "incomeBeforeTax": "2133000000",
      "incomeTaxExpense": "447000000",
      "interestAndDebtExpense": "None",
      "netIncomeFromContinuingOperations": "1686000000",
      "comprehensiveIncomeNetOfTax": "None",
      "ebit": "2661000000",
      "ebitda": "3517000000",
      "netIncome": "1438000000"
    },
    {
      "fiscalDateEnding": "2024-09-30",
      "reportedCurrency": "USD",
      "grossProfit": "14830000000",
      "totalRevenue": "17487000000",
      "costOfRevenue": "2657000000",
      "costofGoodsAndServicesSold": "2657000000",
      "operatingIncome": "2410000000",
      "sellingGeneralAndAdministrative": "7861000000",
      "researchAndDevelopment": "None",
      "operatingExpenses": "14830000000",
      "investmentIncomeNet": "None",
      "netInterestIncome": "-515000000",
      "interestIncome": "None",
      "interestExpense": "515000000",
      "nonInterestIncome": "None",
      "otherNonOperatingIncome": "None",
      "depreciation": "None",
      "depreciationAndAmortization": "842000000",
      "incomeBeforeTax": "1906000000",
      "incomeTaxExpense": "424000000",
      "interestAndDebtExpense": "None",
      "netIncomeFromContinuingOperations": "1482000000",
      "comprehensiveIncomeNetOfTax": "None",
      "ebit": "2421000000",
      "ebitda": "3263000000",
      "netIncome": "1270000000"
    },
    {
      "fiscalDateEnding": "2024-06-30",
      "reportedCurrency": "USD",
      "grossProfit": "2731000000",
      "totalRevenue": "17492000000",
      "costOfRevenue": "14761000000",
      "costofGoodsAndServicesSold": "14761000000",
      "operatingIncome": "2731000000",
      "sellingGeneralAndAdministrative": "7685000000",
      "researchAndDevelopment": "None",
      "operatingExpenses": "15370000000",
      "investmentIncomeNet": "None",
      "netInterestIncome": "-506000000",
      "interestIncome": "None",
      "interestExpense": "506000000",
      "nonInterestIncome": "None",
      "otherNonOperatingIncome": "None",
      "depreciation": "None",
      "depreciationAndAmortization": "819000000",
      "incomeBeforeTax": "2237000000",
      "incomeTaxExpense": "550000000",
      "interestAndDebtExpense": "None",
      "netIncomeFromContinuingOperations": "1687000000",
      "comprehensiveIncomeNetOfTax": "None",
      "ebit": "2731000000",
      "ebitda": "3550000000",
      "netIncome": "1461000000"
    },
    {
      "fiscalDateEnding": "2024-03-31",
      "reportedCurrency": "USD",
      "grossProfit": "2560000000",
      "totalRevenue": "17339000000",
      "costOfRevenue": "14779000000",
      "costofGoodsAndServicesSold": "14779000000",
      "operatingIncome": "2560000000",
      "sellingGeneralAndAdministrative": "7707000000",
      "researchAndDevelopment": "None",
      "operatingExpenses": "12108000000",
      "investmentIncomeNet": "None",
      "netInterestIncome": "-512000000",
      "interestIncome": "None",
      "interestExpense": "512000000",
      "nonInterestIncome": "None",
      "otherNonOperatingIncome": "None",
      "depreciation": "None",
      "depreciationAndAmortization": "795000000",
      "incomeBeforeTax": "2247000000",
      "incomeTaxExpense": "445000000",
      "interestAndDebtExpense": "None",
      "netIncomeFromContinuingOperations": "1802000000",
      "comprehensiveIncomeNetOfTax": "None",
      "ebit": "2759000000",
      "ebitda": "3554000000",
      "netIncome": "1591000000"
    },
    {
      "fiscalDateEnding": "2023-12-31",
      "reportedCurrency": "USD",
      "grossProfit": "14719000000",
      "totalRevenue": "17303000000",
      "costOfRevenue": "2584000000",
      "costofGoodsAndServicesSold": "2584000000",
      "operatingIncome": "2801000000",
      "sellingGeneralAndAdministrative": "7570000000",
      "researchAndDevelopment": "None",
      "operatingExpenses": "11918000000",
      "investmentIncomeNet": "None",
      "netInterestIncome": "-491000000",
      "interestIncome": "None",
      "interestExpense": "491000000",
      "nonInterestIncome": "None",
      "otherNonOperatingIncome": "None",
      "depreciation": "None",
      "depreciationAndAmortization": "789000000",
      "incomeBeforeTax": "2345000000",
      "incomeTaxExpense": "484000000",
      "interestAndDebtExpense": "None",
      "netIncomeFromContinuingOperations": "1861000000",
      "comprehensiveIncomeNetOfTax": "None",
      "ebit": "2801000000",
      "ebitda": "3590000000",
      "netIncome": "1607000000"
    },
    {
      "fiscalDateEnding": "2023-09-30",
      "reportedCurrency": "USD",
      "grossProfit": "13796000000",
      "totalRevenue": "16213000000",
      "costOfRevenue": "2417000000",
      "costofGoodsAndServicesSold": "2417000000",
      "operatingIncome": "2111000000",
      "sellingGeneralAndAdministrative": "7556000000",
      "researchAndDevelopment": "None",
      "operatingExpenses": "11704000000",
      "investmentIncomeNet": "None",
      "netInterestIncome": "-483000000",
      "interestIncome": "464000000",
      "interestExpense": "483000000",
      "nonInterestIncome": "None",
      "otherNonOperatingIncome": "None",
      "depreciation": "None",
      "depreciationAndAmortization": "769000000",
      "incomeBeforeTax": "1630000000",
      "incomeTaxExpense": "355000000",
      "interestAndDebtExpense": "None",
      "netIncomeFromContinuingOperations": "1275000000",
      "comprehensiveIncomeNetOfTax": "None",
      "ebit": "2092000000",
      "ebitda": "2861000000",
      "netIncome": "1079000000"
    },
    {
      "fiscalDateEnding": "2023-06-30",
      "reportedCurrency": "USD",
      "grossProfit": "13383000000",
      "totalRevenue": "15861000000",
      "costOfRevenue": "2478000000",
      "costofGoodsAndServicesSold": "2478000000",
      "operatingIncome": "2293000000",
      "sellingGeneralAndAdministrative": "7277000000",
      "researchAndDevelopment": "None",
      "operatingExpenses": "11083000000",
      "investmentIncomeNet": "None",
      "netInterestIncome": "-485000000",
      "interestIncome": "492000000",
      "interestExpense": "485000000",
      "nonInterestIncome": "None",
      "otherNonOperatingIncome": "None",
      "depreciation": "None",
      "depreciationAndAmortization": "763000000",
      "incomeBeforeTax": "1809000000",
      "incomeTaxExpense": "397000000",
      "interestAndDebtExpense": "None",
      "netIncomeFromContinuingOperations": "1412000000",
      "comprehensiveIncomeNetOfTax": "None",
      "ebit": "2300000000",
      "ebitda": "3063000000",
      "netIncome": "1193000000"
    },
    {
      "fiscalDateEnding": "2023-03-31",
      "reportedCurrency": "USD",
      "grossProfit": "13168000000",
      "totalRevenue": "15591000000",
      "costOfRevenue": "2423000000",
      "costofGoodsAndServicesSold": "2423000000",
      "operatingIncome": "2416000000",
      "sellingGeneralAndAdministrative": "7084000000",
      "researchAndDevelopment": "None",
      "operatingExpenses": "10734000000",
      "investmentIncomeNet": "None",
      "netInterestIncome": "-479000000",
      "interestIncome": "497000000",
      "interestExpense": "479000000",
      "nonInterestIncome": "None",
      "otherNonOperatingIncome": "-33000000",
      "depreciation": "None",
      "depreciationAndAmortization": "756000000",
      "incomeBeforeTax": "1922000000",
      "incomeTaxExpense": "379000000",
      "interestAndDebtExpense": "None",
      "netIncomeFromContinuingOperations": "1543000000",
      "comprehensiveIncomeNetOfTax": "None",
      "ebit": "2401000000",
      "ebitda": "3157000000",
      "netIncome": "1363000000"
    },
    {
      "fiscalDateEnding": "2022-12-31",
      "reportedCurrency": "USD",
      "grossProfit": "13068000000",
      "totalRevenue": "15497000000",
      "costOfRevenue": "2429000000",
      "costofGoodsAndServicesSold": "2429000000",
      "operatingIncome": "2429000000",
      "sellingGeneralAndAdministrative": "7055000000",
      "researchAndDevelopment": "None",
      "operatingExpenses": "10655000000",
      "investmentIncomeNet": "None",
      "netInterestIncome": "-453000000",
      "interestIncome": "437000000",
      "interestExpense": "453000000",
      "nonInterestIncome": "None",
      "otherNonOperatingIncome": "1342000000",
      "depreciation": "None",
      "depreciationAndAmortization": "750000000",
      "incomeBeforeTax": "3302000000",
      "incomeTaxExpense": "656000000",
      "interestAndDebtExpense": "None",
      "netIncomeFromContinuingOperations": "2646000000",
      "comprehensiveIncomeNetOfTax": "None",
      "ebit": "2413000000",
      "ebitda": "3163000000",
      "netIncome": "2081000000"
    },
    {
      "fiscalDateEnding": "2022-09-30",
      "reportedCurrency": "USD",
      "grossProfit": "12651000000",
      "totalRevenue": "14971000000",
      "costOfRevenue": "2320000000",
      "costofGoodsAndServicesSold": "2320000000",
      "operatingIncome": "2153000000",
      "sellingGeneralAndAdministrative": "6899000000",
      "researchAndDevelopment": "None",
      "operatingExpenses": "10508000000",
      "investmentIncomeNet": "None",
      "netInterestIncome": "-446000000",
      "interestIncome": "436000000",
      "interestExpense": "446000000",
      "nonInterestIncome": "None",
      "otherNonOperatingIncome": "7000000",
      "depreciation": "None",
      "depreciationAndAmortization": "749000000",
      "incomeBeforeTax": "1704000000",
      "incomeTaxExpense": "360000000",
      "interestAndDebtExpense": "None",
      "netIncomeFromContinuingOperations": "1344000000",
      "comprehensiveIncomeNetOfTax": "None",
      "ebit": "2143000000",
      "ebitda": "2892000000",
      "netIncome": "1134000000"
    },
    {
      "fiscalDateEnding": "2022-06-30",
      "reportedCurrency": "USD",
      "grossProfit": "12519000000",
      "totalRevenue": "14820000000",
      "costOfRevenue": "2301000000",
      "costofGoodsAndServicesSold": "2301000000",
      "operatingIncome": "2304000000",
      "sellingGeneralAndAdministrative": "6792000000",
      "researchAndDevelopment": "None",
      "operatingExpenses": "10223000000",
      "investmentIncomeNet": "None",
      "netInterestIncome": "-434000000",
      "interestIncome": "426000000",
      "interestExpense": "434000000",
      "nonInterestIncome": "None",
      "otherNonOperatingIncome": "-102000000",
      "depreciation": "None",
      "depreciationAndAmortization": "738000000",
      "incomeBeforeTax": "1760000000",
      "incomeTaxExpense": "381000000",
      "interestAndDebtExpense": "None",
      "netIncomeFromContinuingOperations": "1379000000",
      "comprehensiveIncomeNetOfTax": "None",
      "ebit": "2296000000",
      "ebitda": "3034000000",
      "netIncome": "1155000000"
    },
    {
      "fiscalDateEnding": "2022-03-31",
      "reportedCurrency": "USD",
      "grossProfit": "12624000000",
      "totalRevenue": "14945000000",
      "costOfRevenue": "2321000000",
      "costofGoodsAndServicesSold": "2321000000",
      "operatingIncome": "2212000000",
      "sellingGeneralAndAdministrative": "6939000000",
      "researchAndDevelopment": "None",
      "operatingExpenses": "10423000000",
      "investmentIncomeNet": "None",
      "netInterestIncome": "-408000000",
      "interestIncome": "397000000",
      "interestExpense": "408000000",
      "nonInterestIncome": "None",
      "otherNonOperatingIncome": "21000000",
      "depreciation": "None",
      "depreciationAndAmortization": "732000000",
      "incomeBeforeTax": "1814000000",
      "incomeTaxExpense": "349000000",
      "interestAndDebtExpense": "None",
      "netIncomeFromContinuingOperations": "1465000000",
      "comprehensiveIncomeNetOfTax": "None",
      "ebit": "2222000000",
      "ebitda": "2954000000",
      "netIncome": "1273000000"
    },
    {
      "fiscalDateEnding": "2021-12-31",
      "reportedCurrency": "USD",
      "grossProfit": "12650000000",
      "totalRevenue": "15064000000",
      "costOfRevenue": "2414000000",
      "costofGoodsAndServicesSold": "2414000000",
      "operatingIncome": "2793000000",
      "sellingGeneralAndAdministrative": "6999000000",
      "researchAndDevelopment": "None",
      "operatingExpenses": "10264000000",
      "investmentIncomeNet": "None",
      "netInterestIncome": "-398000000",
      "interestIncome": "363000000",
      "interestExpense": "398000000",
      "nonInterestIncome": "None",
      "otherNonOperatingIncome": "598000000",
      "depreciation": "None",
      "depreciationAndAmortization": "728000000",
      "incomeBeforeTax": "2586000000",
      "incomeTaxExpense": "581000000",
      "interestAndDebtExpense": "None",
      "netIncomeFromContinuingOperations": "2005000000",
      "comprehensiveIncomeNetOfTax": "None",
      "ebit": "2386000000",
      "ebitda": "3114000000",
      "netIncome": "1814000000"
    },
    {
      "fiscalDateEnding": "2021-09-30",
      "reportedCurrency": "USD",
      "grossProfit": "12813000000",
      "totalRevenue": "15276000000",
      "costOfRevenue": "2463000000",
      "costofGoodsAndServicesSold": "2463000000",
      "operatingIncome": "2473000000",
      "sellingGeneralAndAdministrative": "7094000000",
      "researchAndDevelopment": "None",
      "operatingExpenses": "10340000000",
      "investmentIncomeNet": "None",
      "netInterestIncome": "-398000000",
      "interestIncome": "363000000",
      "interestExpense": "398000000",
      "nonInterestIncome": "None",
      "otherNonOperatingIncome": "1082000000",
      "depreciation": "None",
      "depreciationAndAmortization": "716000000",
      "incomeBeforeTax": "3157000000",
      "incomeTaxExpense": "685000000",
      "interestAndDebtExpense": "None",
      "netIncomeFromContinuingOperations": "2472000000",
      "comprehensiveIncomeNetOfTax": "None",
      "ebit": "2473000000",
      "ebitda": "3189000000",
      "netIncome": "2269000000"
    },
    {
      "fiscalDateEnding": "2021-06-30",
      "reportedCurrency": "USD",
      "grossProfit": "12055000000",
      "totalRevenue": "14435000000",
      "costOfRevenue": "2380000000",
      "costofGoodsAndServicesSold": "2380000000",
      "operatingIncome": "2485000000",
      "sellingGeneralAndAdministrative": "6385000000",
      "researchAndDevelopment": "None",
      "operatingExpenses": "9570000000",
      "investmentIncomeNet": "None",
      "netInterestIncome": "-386000000",
      "interestIncome": "364000000",
      "interestExpense": "386000000",
      "nonInterestIncome": "None",
      "otherNonOperatingIncome": "18000000",
      "depreciation": "None",
      "depreciationAndAmortization": "712000000",
      "incomeBeforeTax": "2117000000",
      "incomeTaxExpense": "453000000",
      "interestAndDebtExpense": "None",
      "netIncomeFromContinuingOperations": "1664000000",
      "comprehensiveIncomeNetOfTax": "None",
      "ebit": "2485000000",
      "ebitda": "3197000000",
      "netIncome": "1450000000"
    },
    {
      "fiscalDateEnding": "2021-03-31",
      "reportedCurrency": "USD",
      "grossProfit": "11753000000",
      "totalRevenue": "13977000000",
      "costOfRevenue": "2224000000",
      "costofGoodsAndServicesSold": "2224000000",
      "operatingIncome": "2334000000",
      "sellingGeneralAndAdministrative": "6301000000",
      "researchAndDevelopment": "None",
      "operatingExpenses": "9419000000",
      "investmentIncomeNet": "None",
      "netInterestIncome": "-384000000",
      "interestIncome": "363000000",
      "interestExpense": "384000000",
      "nonInterestIncome": "None",
      "otherNonOperatingIncome": "23000000",
      "depreciation": "None",
      "depreciationAndAmortization": "697000000",
      "incomeBeforeTax": "1973000000",
      "incomeTaxExpense": "393000000",
      "interestAndDebtExpense": "None",
      "netIncomeFromContinuingOperations": "1580000000",
      "comprehensiveIncomeNetOfTax": "None",
      "ebit": "2357000000",
      "ebitda": "3054000000",
      "netIncome": "1423000000"
    },
    {
      "fiscalDateEnding": "2020-12-31",
      "reportedCurrency": "USD",
      "grossProfit": "11923000000",
      "totalRevenue": "14293000000",
      "costOfRevenue": "2370000000",
      "costofGoodsAndServicesSold": "2370000000",
      "operatingIncome": "2450000000",
      "sellingGeneralAndAdministrative": "6329000000",
      "researchAndDevelopment": "None",
      "operatingExpenses": "9473000000",
      "investmentIncomeNet": "None",
      "netInterestIncome": "-383000000",
      "interestIncome": "377000000",
      "interestExpense": "383000000",
      "nonInterestIncome": "None",
      "otherNonOperatingIncome": "5000000",
      "depreciation": "None",
      "depreciationAndAmortization": "662000000",
      "incomeBeforeTax": "2072000000",
      "incomeTaxExpense": "378000000",
      "interestAndDebtExpense": "None",
      "netIncomeFromContinuingOperations": "1694000000",
      "comprehensiveIncomeNetOfTax": "None",
      "ebit": "2450000000",
      "ebitda": "3112000000",
      "netIncome": "1426000000"
    },
    {
      "fiscalDateEnding": "2020-09-30",
      "reportedCurrency": "USD",
      "grossProfit": "11183000000",
      "totalRevenue": "13311000000",
      "costOfRevenue": "2128000000",
      "costofGoodsAndServicesSold": "2128000000",
      "operatingIncome": "1319000000",
      "sellingGeneralAndAdministrative": "6097000000",
      "researchAndDevelopment": "None",
      "operatingExpenses": "9864000000",
      "investmentIncomeNet": "None",
      "netInterestIncome": "-385000000",
      "interestIncome": "345000000",
      "interestExpense": "385000000",
      "nonInterestIncome": "None",
      "otherNonOperatingIncome": "54000000",
      "depreciation": "None",
      "depreciationAndAmortization": "694000000",
      "incomeBeforeTax": "988000000",
      "incomeTaxExpense": "209000000",
      "interestAndDebtExpense": "None",
      "netIncomeFromContinuingOperations": "779000000",
      "comprehensiveIncomeNetOfTax": "None",
      "ebit": "2141000000",
      "ebitda": "2835000000",
      "netIncome": "668000000"
    },
    {
      "fiscalDateEnding": "2020-06-30",
      "reportedCurrency": "USD",
      "grossProfit": "9320000000",
      "totalRevenue": "11068000000",
      "costOfRevenue": "1748000000",
      "costofGoodsAndServicesSold": "1748000000",
      "operatingIncome": "1974000000",
      "sellingGeneralAndAdministrative": "5330000000",
      "researchAndDevelopment": "None",
      "operatingExpenses": "7346000000",
      "investmentIncomeNet": "None",
      "netInterestIncome": "-388000000",
      "interestIncome": "387000000",
      "interestExpense": "388000000",
      "nonInterestIncome": "None",
      "otherNonOperatingIncome": "-26000000",
      "depreciation": "None",
      "depreciationAndAmortization": "691000000",
      "incomeBeforeTax": "1560000000",
      "incomeTaxExpense": "344000000",
      "interestAndDebtExpense": "None",
      "netIncomeFromContinuingOperations": "1216000000",
      "comprehensiveIncomeNetOfTax": "None",
      "ebit": "1152000000",
      "ebitda": "1843000000",
      "netIncome": "1079000000"
    },
    {
      "fiscalDateEnding": "2020-03-31",
      "reportedCurrency": "USD",
      "grossProfit": "10738000000",
      "totalRevenue": "12861000000",
      "costOfRevenue": "2123000000",
      "costofGoodsAndServicesSold": "2123000000",
      "operatingIncome": "1519000000",
      "sellingGeneralAndAdministrative": "6118000000",
      "researchAndDevelopment": "None",
      "operatingExpenses": "9219000000",
      "investmentIncomeNet": "None",
      "netInterestIncome": "-428000000",
      "interestIncome": "421000000",
      "interestExpense": "428000000",
      "nonInterestIncome": "None",
      "otherNonOperatingIncome": "-281000000",
      "depreciation": "None",
      "depreciationAndAmortization": "674000000",
      "incomeBeforeTax": "810000000",
      "incomeTaxExpense": "112000000",
      "interestAndDebtExpense": "None",
      "netIncomeFromContinuingOperations": "698000000",
      "comprehensiveIncomeNetOfTax": "None",
      "ebit": "1238000000",
      "ebitda": "1912000000",
      "netIncome": "581000000"
    },
    {
      "fiscalDateEnding": "2019-12-31",
      "reportedCurrency": "USD",
      "grossProfit": "11291000000",
      "totalRevenue": "13523000000",
      "costOfRevenue": "2232000000",
      "costofGoodsAndServicesSold": "2232000000",
      "operatingIncome": "2024000000",
      "sellingGeneralAndAdministrative": "6105000000",
      "researchAndDevelopment": "None",
      "operatingExpenses": "9267000000",
      "investmentIncomeNet": "None",
      "netInterestIncome": "-438000000",
      "interestIncome": "418000000",
      "interestExpense": "438000000",
      "nonInterestIncome": "None",
      "otherNonOperatingIncome": "21000000",
      "depreciation": "None",
      "depreciationAndAmortization": "694000000",
      "incomeBeforeTax": "1607000000",
      "incomeTaxExpense": "334000000",
      "interestAndDebtExpense": "None",
      "netIncomeFromContinuingOperations": "1273000000",
      "comprehensiveIncomeNetOfTax": "None",
      "ebit": "2024000000",
      "ebitda": "2718000000",
      "netIncome": "1071000000"
    },
    {
      "fiscalDateEnding": "2019-09-30",
      "reportedCurrency": "USD",
      "grossProfit": "10604000000",
      "totalRevenue": "12694000000",
      "costOfRevenue": "2090000000",
      "costofGoodsAndServicesSold": "2090000000",
      "operatingIncome": "1634000000",
      "sellingGeneralAndAdministrative": "5971000000",
      "researchAndDevelopment": "None",
      "operatingExpenses": "8970000000",
      "investmentIncomeNet": "None",
      "netInterestIncome": "-448000000",
      "interestIncome": "444000000",
      "interestExpense": "448000000",
      "nonInterestIncome": "None",
      "otherNonOperatingIncome": "-207000000",
      "depreciation": "None",
      "depreciationAndAmortization": "647000000",
      "incomeBeforeTax": "979000000",
      "incomeTaxExpense": "215000000",
      "interestAndDebtExpense": "None",
      "netIncomeFromContinuingOperations": "764000000",
      "comprehensiveIncomeNetOfTax": "None",
      "ebit": "1634000000",
      "ebitda": "2281000000",
      "netIncome": "612000000"
    },
    {
      "fiscalDateEnding": "2019-06-30",
      "reportedCurrency": "USD",
      "grossProfit": "10484000000",
      "totalRevenue": "12602000000",
      "costOfRevenue": "2118000000",
      "costofGoodsAndServicesSold": "2118000000",
      "operatingIncome": "1649000000",
      "sellingGeneralAndAdministrative": "5837000000",
      "researchAndDevelopment": "None",
      "operatingExpenses": "8835000000",
      "investmentIncomeNet": "None",
      "netInterestIncome": "-477000000",
      "interestIncome": "469000000",
      "interestExpense": "477000000",
      "nonInterestIncome": "None",
      "otherNonOperatingIncome": "26000000",
      "depreciation": "None",
      "depreciationAndAmortization": "636000000",
      "incomeBeforeTax": "1198000000",
      "incomeTaxExpense": "271000000",
      "interestAndDebtExpense": "None",
      "netIncomeFromContinuingOperations": "927000000",
      "comprehensiveIncomeNetOfTax": "None",
      "ebit": "1649000000",
      "ebitda": "2285000000",
      "netIncome": "783000000"
    },
    {
      "fiscalDateEnding": "2019-03-31",
      "reportedCurrency": "USD",
      "grossProfit": "10476000000",
      "totalRevenue": "12517000000",
      "costOfRevenue": "2041000000",
      "costofGoodsAndServicesSold": "2041000000",
      "operatingIncome": "1911000000",
      "sellingGeneralAndAdministrative": "5647000000",
      "researchAndDevelopment": "None",
      "operatingExpenses": "8565000000",
      "investmentIncomeNet": "None",
      "netInterestIncome": "-461000000",
      "interestIncome": "None",
      "interestExpense": "461000000",
      "nonInterestIncome": "None",
      "otherNonOperatingIncome": "10000000",
      "depreciation": "None",
      "depreciationAndAmortization": "619000000",
      "incomeBeforeTax": "1460000000",
      "incomeTaxExpense": "279000000",
      "interestAndDebtExpense": "None",
      "netIncomeFromContinuingOperations": "1181000000",
      "comprehensiveIncomeNetOfTax": "None",
      "ebit": "1921000000",
      "ebitda": "2540000000",
      "netIncome": "1039000000"
    },
    {
      "fiscalDateEnding": "2018-12-31",
      "reportedCurrency": "USD",
      "grossProfit": "10272000000",
      "totalRevenue": "12274000000",
      "costOfRevenue": "2002000000",
      "costofGoodsAndServicesSold": "2002000000",
      "operatingIncome": "1923000000",
      "sellingGeneralAndAdministrative": "5485000000",
      "researchAndDevelopment": "0",
      "operatingExpenses": "8349000000",
      "investmentIncomeNet": "None",
      "netInterestIncome": "None",
      "interestIncome": "None",
      "interestExpense": "446000000",
      "nonInterestIncome": "None",
      "otherNonOperatingIncome": "12000000",
      "depreciation": "None",
      "depreciationAndAmortization": "581000000",
      "incomeBeforeTax": "1489000000",
      "incomeTaxExpense": "244000000",
      "interestAndDebtExpense": "None",
      "netIncomeFromContinuingOperations": "1245000000",
      "comprehensiveIncomeNetOfTax": "None",
      "ebit": "1923000000",
      "ebitda": "2504000000",
      "netIncome": "1064000000"
    },
    {
      "fiscalDateEnding": "2018-09-30",
      "reportedCurrency": "USD",
      "grossProfit": "9561000000",
      "totalRevenue": "11451000000",
      "costOfRevenue": "1890000000",
      "costofGoodsAndServicesSold": "1890000000",
      "operatingIncome": "1505000000",
      "sellingGeneralAndAdministrative": "5377000000",
      "researchAndDevelopment": "0",
      "operatingExpenses": "8056000000",
      "investmentIncomeNet": "None",
      "netInterestIncome": "None",
      "interestIncome": "None",
      "interestExpense": "442000000",
      "nonInterestIncome": "None",
      "otherNonOperatingIncome": "6000000",
      "depreciation": "None",
      "depreciationAndAmortization": "582000000",
      "incomeBeforeTax": "1069000000",
      "incomeTaxExpense": "173000000",
      "interestAndDebtExpense": "None",
      "netIncomeFromContinuingOperations": "896000000",
      "comprehensiveIncomeNetOfTax": "None",
      "ebit": "1505000000",
      "ebitda": "2087000000",
      "netIncome": "759000000"
    },
    {
      "fiscalDateEnding": "2018-06-30",
      "reportedCurrency": "USD",
      "grossProfit": "9612000000",
      "totalRevenue": "11529000000",
      "costOfRevenue": "1917000000",
      "costofGoodsAndServicesSold": "1917000000",
      "operatingIncome": "1658000000",
      "sellingGeneralAndAdministrative": "5274000000",
      "researchAndDevelopment": "0",
      "operatingExpenses": "7954000000",
      "investmentIncomeNet": "None",
      "netInterestIncome": "None",
      "interestIncome": "None",
      "interestExpense": "436000000",
      "nonInterestIncome": "None",
      "otherNonOperatingIncome": "16000000",
      "depreciation": "None",
      "depreciationAndAmortization": "562000000",
      "incomeBeforeTax": "1238000000",
      "incomeTaxExpense": "272000000",
      "interestAndDebtExpense": "None",
      "netIncomeFromContinuingOperations": "966000000",
      "comprehensiveIncomeNetOfTax": "None",
      "ebit": "1658000000",
      "ebitda": "2220000000",
      "netIncome": "820000000"
    },
    {
      "fiscalDateEnding": "2018-03-31",
      "reportedCurrency": "USD",
      "grossProfit": "9508000000",
      "totalRevenue": "11423000000",
      "costOfRevenue": "1915000000",
      "costofGoodsAndServicesSold": "1915000000",
      "operatingIncome": "1556000000",
      "sellingGeneralAndAdministrative": "5289000000",
      "researchAndDevelopment": "0",
      "operatingExpenses": "7952000000",
      "investmentIncomeNet": "None",
      "netInterestIncome": "None",
      "interestIncome": "None",
      "interestExpense": "431000000",
      "nonInterestIncome": "None",
      "otherNonOperatingIncome": "414000000",
      "depreciation": "None",
      "depreciationAndAmortization": "553000000",
      "incomeBeforeTax": "1539000000",
      "incomeTaxExpense": "257000000",
      "interestAndDebtExpense": "None",
      "netIncomeFromContinuingOperations": "1282000000",
      "comprehensiveIncomeNetOfTax": "None",
      "ebit": "1970000000",
      "ebitda": "2523000000",
      "netIncome": "1144000000"
    },
    {
      "fiscalDateEnding": "2017-12-31",
      "reportedCurrency": "USD",
      "grossProfit": "9615000000",
      "totalRevenue": "11562000000",
      "costOfRevenue": "1947000000",
      "costofGoodsAndServicesSold": "1947000000",
      "operatingIncome": "1803000000",
      "sellingGeneralAndAdministrative": "5181000000",
      "researchAndDevelopment": "0",
      "operatingExpenses": "7812000000",
      "investmentIncomeNet": "None",
      "netInterestIncome": "None",
      "interestIncome": "None",
      "interestExpense": "433000000",
      "nonInterestIncome": "None",
      "otherNonOperatingIncome": "7000000",
      "depreciation": "None",
      "depreciationAndAmortization": "550000000",
      "incomeBeforeTax": "1377000000",
      "incomeTaxExpense": "736000000",
      "interestAndDebtExpense": "None",
      "netIncomeFromContinuingOperations": "641000000",
      "comprehensiveIncomeNetOfTax": "None",
      "ebit": "1801000000",
      "ebitda": "2351000000",
      "netIncome": "474000000"
    },
    {
      "fiscalDateEnding": "2017-09-30",
      "reportedCurrency": "USD",
      "grossProfit": "8919000000",
      "totalRevenue": "10696000000",
      "costOfRevenue": "1777000000",
      "costofGoodsAndServicesSold": "1777000000",
      "operatingIncome": "1224000000",
      "sellingGeneralAndAdministrative": "5081000000",
      "researchAndDevelopment": "0",
      "operatingExpenses": "7695000000",
      "investmentIncomeNet": "None",
      "netInterestIncome": "None",
      "interestIncome": "None",
      "interestExpense": "427000000",
      "nonInterestIncome": "None",
      "otherNonOperatingIncome": "-19000000",
      "depreciation": "None",
      "depreciationAndAmortization": "539000000",
      "incomeBeforeTax": "778000000",
      "incomeTaxExpense": "248000000",
      "interestAndDebtExpense": "None",
      "netIncomeFromContinuingOperations": "530000000",
      "comprehensiveIncomeNetOfTax": "None",
      "ebit": "1224000000",
      "ebitda": "1763000000",
      "netIncome": "426000000"
    },
    {
      "fiscalDateEnding": "2017-06-30",
      "reportedCurrency": "USD",
      "grossProfit": "8938000000",
      "totalRevenue": "10733000000",
      "costOfRevenue": "1795000000",
      "costofGoodsAndServicesSold": "1795000000",
      "operatingIncome": "1556000000",
      "sellingGeneralAndAdministrative": "4896000000",
      "researchAndDevelopment": "0",
      "operatingExpenses": "7382000000",
      "investmentIncomeNet": "None",
      "netInterestIncome": "None",
      "interestIncome": "None",
      "interestExpense": "411000000",
      "nonInterestIncome": "None",
      "otherNonOperatingIncome": "15000000",
      "depreciation": "None",
      "depreciationAndAmortization": "521000000",
      "incomeBeforeTax": "1160000000",
      "incomeTaxExpense": "365000000",
      "interestAndDebtExpense": "None",
      "netIncomeFromContinuingOperations": "795000000",
      "comprehensiveIncomeNetOfTax": "None",
      "ebit": "1556000000",
      "ebitda": "2077000000",
      "netIncome": "657000000"
    },
    {
      "fiscalDateEnding": "2017-03-31",
      "reportedCurrency": "USD",
      "grossProfit": "8826000000",
      "totalRevenue": "10623000000",
      "costOfRevenue": "1797000000",
      "costofGoodsAndServicesSold": "1797000000",
      "operatingIncome": "1474000000",
      "sellingGeneralAndAdministrative": "4901000000",
      "researchAndDevelopment": "0",
      "operatingExpenses": "7352000000",
      "investmentIncomeNet": "None",
      "netInterestIncome": "None",
      "interestIncome": "None",
      "interestExpense": "419000000",
      "nonInterestIncome": "None",
      "otherNonOperatingIncome": "11000000",
      "depreciation": "None",
      "depreciationAndAmortization": "521000000",
      "incomeBeforeTax": "1066000000",
      "incomeTaxExpense": "289000000",
      "interestAndDebtExpense": "None",
      "netIncomeFromContinuingOperations": "777000000",
      "comprehensiveIncomeNetOfTax": "None",
      "ebit": "1485000000",
      "ebitda": "2006000000",
      "netIncome": "659000000"
    },
    {
      "fiscalDateEnding": "2016-12-31",
      "reportedCurrency": "USD",
      "grossProfit": "8839000000",
      "totalRevenue": "10641000000",
      "costOfRevenue": "1802000000",
      "costofGoodsAndServicesSold": "1802000000",
      "operatingIncome": "1693000000",
      "sellingGeneralAndAdministrative": "4764000000",
      "researchAndDevelopment": "0",
      "operatingExpenses": "7146000000",
      "investmentIncomeNet": "None",
      "netInterestIncome": "None",
      "interestIncome": "None",
      "interestExpense": "432000000",
      "nonInterestIncome": "None",
      "otherNonOperatingIncome": "25000000",
      "depreciation": "None",
      "depreciationAndAmortization": "503000000",
      "incomeBeforeTax": "1565000000",
      "incomeTaxExpense": "480000000",
      "interestAndDebtExpense": "None",
      "netIncomeFromContinuingOperations": "1085000000",
      "comprehensiveIncomeNetOfTax": "None",
      "ebit": "1693000000",
      "ebitda": "2196000000",
      "netIncome": "920000000"
    },
    {
      "fiscalDateEnding": "2016-09-30",
      "reportedCurrency": "USD",
      "grossProfit": "8571000000",
      "totalRevenue": "10270000000",
      "costOfRevenue": "1699000000",
      "costofGoodsAndServicesSold": "1699000000",
      "operatingIncome": "1440000000",
      "sellingGeneralAndAdministrative": "4740000000",
      "researchAndDevelopment": "0",
      "operatingExpenses": "7131000000",
      "investmentIncomeNet": "None",
      "netInterestIncome": "None",
      "interestIncome": "None",
      "interestExpense": "432000000",
      "nonInterestIncome": "None",
      "otherNonOperatingIncome": "21000000",
      "depreciation": "None",
      "depreciationAndAmortization": "495000000",
      "incomeBeforeTax": "1018000000",
      "incomeTaxExpense": "273000000",
      "interestAndDebtExpense": "None",
      "netIncomeFromContinuingOperations": "745000000",
      "comprehensiveIncomeNetOfTax": "None",
      "ebit": "1440000000",
      "ebitda": "1935000000",
      "netIncome": "618000000"
    },
    {
      "fiscalDateEnding": "2016-06-30",
      "reportedCurrency": "USD",
      "grossProfit": "8601000000",
      "totalRevenue": "10319000000",
      "costOfRevenue": "1718000000",
      "costofGoodsAndServicesSold": "1718000000",
      "operatingIncome": "1553000000",
      "sellingGeneralAndAdministrative": "4691000000",
      "researchAndDevelopment": "0",
      "operatingExpenses": "7048000000",
      "investmentIncomeNet": "None",
      "netInterestIncome": "None",
      "interestIncome": "None",
      "interestExpense": "427000000",
      "nonInterestIncome": "None",
      "otherNonOperatingIncome": "16000000",
      "depreciation": "None",
      "depreciationAndAmortization": "489000000",
      "incomeBeforeTax": "1132000000",
      "incomeTaxExpense": "341000000",
      "interestAndDebtExpense": "None",
      "netIncomeFromContinuingOperations": "791000000",
      "comprehensiveIncomeNetOfTax": "None",
      "ebit": "1553000000",
      "ebitda": "2042000000",
      "netIncome": "658000000"
    },
    {
      "fiscalDateEnding": "2016-03-31",
      "reportedCurrency": "USD",
      "grossProfit": "8546000000",
      "totalRevenue": "10260000000",
      "costOfRevenue": "1714000000",
      "costofGoodsAndServicesSold": "1714000000",
      "operatingIncome": "1512000000",
      "sellingGeneralAndAdministrative": "4702000000",
      "researchAndDevelopment": "0",
      "operatingExpenses": "7034000000",
      "investmentIncomeNet": "None",
      "netInterestIncome": "None",
      "interestIncome": "None",
      "interestExpense": "416000000",
      "nonInterestIncome": "None",
      "otherNonOperatingIncome": "11000000",
      "depreciation": "None",
      "depreciationAndAmortization": "479000000",
      "incomeBeforeTax": "1095000000",
      "incomeTaxExpense": "284000000",
      "interestAndDebtExpense": "None",
      "netIncomeFromContinuingOperations": "811000000",
      "comprehensiveIncomeNetOfTax": "None",
      "ebit": "1511000000",
      "ebitda": "1990000000",
      "netIncome": "694000000"
    },
    {
      "fiscalDateEnding": "2015-12-31",
      "reportedCurrency": "USD",
      "grossProfit": "8563000000",
      "totalRevenue": "10249000000",
      "costOfRevenue": "1686000000",
      "costofGoodsAndServicesSold": "1686000000",
      "operatingIncome": "1643000000",
      "sellingGeneralAndAdministrative": "4606000000",
      "researchAndDevelopment": "0",
      "operatingExpenses": "6920000000",
      "investmentIncomeNet": "None",
      "netInterestIncome": "None",
      "interestIncome": "None",
      "interestExpense": "410000000",
      "nonInterestIncome": "None",
      "otherNonOperatingIncome": "-9000000",
      "depreciation": "None",
      "depreciationAndAmortization": "480000000",
      "incomeBeforeTax": "1052000000",
      "incomeTaxExpense": "314000000",
      "interestAndDebtExpense": "None",
      "netIncomeFromContinuingOperations": "738000000",
      "comprehensiveIncomeNetOfTax": "None",
      "ebit": "1643000000",
      "ebitda": "2123000000",
      "netIncome": "582000000"
    },
    {
      "fiscalDateEnding": "2015-09-30",
      "reportedCurrency": "USD",
      "grossProfit": "8212000000",
      "totalRevenue": "9856000000",
      "costOfRevenue": "1644000000",
      "costofGoodsAndServicesSold": "1644000000",
      "operatingIncome": "1324000000",
      "sellingGeneralAndAdministrative": "4619000000",
      "researchAndDevelopment": "0",
      "operatingExpenses": "6888000000",
      "investmentIncomeNet": "None",
      "netInterestIncome": "None",
      "interestIncome": "None",
      "interestExpense": "411000000",
      "nonInterestIncome": "None",
      "otherNonOperatingIncome": "7000000",
      "depreciation": "None",
      "depreciationAndAmortization": "482000000",
      "incomeBeforeTax": "843000000",
      "incomeTaxExpense": "270000000",
      "interestAndDebtExpense": "None",
      "netIncomeFromContinuingOperations": "573000000",
      "comprehensiveIncomeNetOfTax": "None",
      "ebit": "1324000000",
      "ebitda": "1806000000",
      "netIncome": "449000000"
    },
    {
      "fiscalDateEnding": "2015-06-30",
      "reportedCurrency": "USD",
      "grossProfit": "8227000000",
      "totalRevenue": "9897000000",
      "costOfRevenue": "1670000000",
      "costofGoodsAndServicesSold": "1670000000",
      "operatingIncome": "1529000000",
      "sellingGeneralAndAdministrative": "4492000000",
      "researchAndDevelopment": "0",
      "operatingExpenses": "6698000000",
      "investmentIncomeNet": "None",
      "netInterestIncome": "None",
      "interestIncome": "None",
      "interestExpense": "425000000",
      "nonInterestIncome": "None",
      "otherNonOperatingIncome": "-120000000",
      "depreciation": "None",
      "depreciationAndAmortization": "469000000",
      "incomeBeforeTax": "984000000",
      "incomeTaxExpense": "319000000",
      "interestAndDebtExpense": "None",
      "netIncomeFromContinuingOperations": "665000000",
      "comprehensiveIncomeNetOfTax": "None",
      "ebit": "1529000000",
      "ebitda": "1998000000",
      "netIncome": "507000000"
    },
    {
      "fiscalDateEnding": "2015-03-31",
      "reportedCurrency": "USD",
      "grossProfit": "8038000000",
      "totalRevenue": "9676000000",
      "costOfRevenue": "1638000000",
      "costofGoodsAndServicesSold": "1638000000",
      "operatingIncome": "1469000000",
      "sellingGeneralAndAdministrative": "4398000000",
      "researchAndDevelopment": "0",
      "operatingExpenses": "6569000000",
      "investmentIncomeNet": "None",
      "netInterestIncome": "None",
      "interestIncome": "None",
      "interestExpense": "419000000",
      "nonInterestIncome": "None",
      "otherNonOperatingIncome": "28000000",
      "depreciation": "None",
      "depreciationAndAmortization": "473000000",
      "incomeBeforeTax": "1078000000",
      "incomeTaxExpense": "358000000",
      "interestAndDebtExpense": "None",
      "netIncomeFromContinuingOperations": "720000000",
      "comprehensiveIncomeNetOfTax": "None",
      "ebit": "1497000000",
      "ebitda": "1970000000",
      "netIncome": "591000000"
    },
    {
      "fiscalDateEnding": "2014-12-31",
      "reportedCurrency": "USD",
      "grossProfit": "7977000000",
      "totalRevenue": "9636000000",
      "costOfRevenue": "1659000000",
      "costofGoodsAndServicesSold": "1659000000",
      "operatingIncome": "1486000000",
      "sellingGeneralAndAdministrative": "4282000000",
      "researchAndDevelopment": "0",
      "operatingExpenses": "6491000000",
      "investmentIncomeNet": "None",
      "netInterestIncome": "None",
      "interestIncome": "None",
      "interestExpense": "429000000",
      "nonInterestIncome": "None",
      "otherNonOperatingIncome": "-89000000",
      "depreciation": "None",
      "depreciationAndAmortization": "459000000",
      "incomeBeforeTax": "968000000",
      "incomeTaxExpense": "292000000",
      "interestAndDebtExpense": "None",
      "netIncomeFromContinuingOperations": "676000000",
      "comprehensiveIncomeNetOfTax": "None",
      "ebit": "1486000000",
      "ebitda": "1945000000",
      "netIncome": "527000000"
    },
    {
      "fiscalDateEnding": "2014-09-30",
      "reportedCurrency": "USD",
      "grossProfit": "7681000000",
      "totalRevenue": "9220000000",
      "costOfRevenue": "1539000000",
      "costofGoodsAndServicesSold": "1539000000",
      "operatingIncome": "1354000000",
      "sellingGeneralAndAdministrative": "4211000000",
      "researchAndDevelopment": "0",
      "operatingExpenses": "6327000000",
      "investmentIncomeNet": "None",
      "netInterestIncome": "None",
      "interestIncome": "None",
      "interestExpense": "427000000",
      "nonInterestIncome": "None",
      "otherNonOperatingIncome": "2000000",
      "depreciation": "None",
      "depreciationAndAmortization": "460000000",
      "incomeBeforeTax": "929000000",
      "incomeTaxExpense": "318000000",
      "interestAndDebtExpense": "None",
      "netIncomeFromContinuingOperations": "611000000",
      "comprehensiveIncomeNetOfTax": "None",
      "ebit": "1354000000",
      "ebitda": "1814000000",
      "netIncome": "518000000"
    },
    {
      "fiscalDateEnding": "2014-06-30",
      "reportedCurrency": "USD",
      "grossProfit": "7698000000",
      "totalRevenue": "9230000000",
      "costOfRevenue": "1532000000",
      "costofGoodsAndServicesSold": "1532000000",
      "operatingIncome": "1537000000",
      "sellingGeneralAndAdministrative": "4098000000",
      "researchAndDevelopment": "0",
      "operatingExpenses": "6161000000",
      "investmentIncomeNet": "None",
      "netInterestIncome": "None",
      "interestIncome": "None",
      "interestExpense": "427000000",
      "nonInterestIncome": "None",
      "otherNonOperatingIncome": "-206000000",
      "depreciation": "None",
      "depreciationAndAmortization": "454000000",
      "incomeBeforeTax": "904000000",
      "incomeTaxExpense": "272000000",
      "interestAndDebtExpense": "None",
      "netIncomeFromContinuingOperations": "632000000",
      "comprehensiveIncomeNetOfTax": "None",
      "ebit": "1537000000",
      "ebitda": "1991000000",
      "netIncome": "483000000"
    },
    {
      "fiscalDateEnding": "2014-03-31",
      "reportedCurrency": "USD",
      "grossProfit": "7300000000",
      "totalRevenue": "8832000000",
      "costOfRevenue": "1532000000",
      "costofGoodsAndServicesSold": "1532000000",
      "operatingIncome": "1188000000",
      "sellingGeneralAndAdministrative": "4050000000",
      "researchAndDevelopment": "0",
      "operatingExpenses": "6112000000",
      "investmentIncomeNet": "None",
      "netInterestIncome": "None",
      "interestIncome": "None",
      "interestExpense": "460000000",
      "nonInterestIncome": "None",
      "otherNonOperatingIncome": "30000000",
      "depreciation": "None",
      "depreciationAndAmortization": "447000000",
      "incomeBeforeTax": "680000000",
      "incomeTaxExpense": "226000000",
      "interestAndDebtExpense": "None",
      "netIncomeFromContinuingOperations": "454000000",
      "comprehensiveIncomeNetOfTax": "None",
      "ebit": "1140000000",
      "ebitda": "1587000000",
      "netIncome": "347000000"
    },
    {
      "fiscalDateEnding": "2013-12-31",
      "reportedCurrency": "USD",
      "grossProfit": "7272000000",
      "totalRevenue": "8836000000",
      "costOfRevenue": "1564000000",
      "costofGoodsAndServicesSold": "1564000000",
      "operatingIncome": "1253000000",
      "sellingGeneralAndAdministrative": "3965000000",
      "researchAndDevelopment": "0",
      "operatingExpenses": "6019000000",
      "investmentIncomeNet": "None",
      "netInterestIncome": "None",
      "interestIncome": "None",
      "interestExpense": "456000000",
      "nonInterestIncome": "None",
      "otherNonOperatingIncome": "-63000000",
      "depreciation": "None",
      "depreciationAndAmortization": "461000000",
      "incomeBeforeTax": "800000000",
      "incomeTaxExpense": "246000000",
      "interestAndDebtExpense": "None",
      "netIncomeFromContinuingOperations": "438000000",
      "comprehensiveIncomeNetOfTax": "None",
      "ebit": "1253000000",
      "ebitda": "1714000000",
      "netIncome": "424000000"
    },
    {
      "fiscalDateEnding": "2013-09-30",
      "reportedCurrency": "USD",
      "grossProfit": "6999000000",
      "totalRevenue": "8456000000",
      "costOfRevenue": "1457000000",
      "costofGoodsAndServicesSold": "1457000000",
      "operatingIncome": "1151000000",
      "sellingGeneralAndAdministrative": "3916000000",
      "researchAndDevelopment": "0",
      "operatingExpenses": "5848000000",
      "investmentIncomeNet": "None",
      "netInterestIncome": "None",
      "interestIncome": "None",
      "interestExpense": "458000000",
      "nonInterestIncome": "None",
      "otherNonOperatingIncome": "8000000",
      "depreciation": "None",
      "depreciationAndAmortization": "443000000",
      "incomeBeforeTax": "701000000",
      "incomeTaxExpense": "234000000",
      "interestAndDebtExpense": "None",
      "netIncomeFromContinuingOperations": "392000000",
      "comprehensiveIncomeNetOfTax": "None",
      "ebit": "1151000000",
      "ebitda": "1594000000",
      "netIncome": "365000000"
    },
    {
      "fiscalDateEnding": "2013-06-30",
      "reportedCurrency": "USD",
      "grossProfit": "6980000000",
      "totalRevenue": "8450000000",
      "costOfRevenue": "1470000000",
      "costofGoodsAndServicesSold": "1470000000",
      "operatingIncome": "1252000000",
      "sellingGeneralAndAdministrative": "3848000000",
      "researchAndDevelopment": "0",
      "operatingExpenses": "5728000000",
      "investmentIncomeNet": "None",
      "netInterestIncome": "None",
      "interestIncome": "None",
      "interestExpense": "462000000",
      "nonInterestIncome": "None",
      "otherNonOperatingIncome": "16000000",
      "depreciation": "None",
      "depreciationAndAmortization": "425000000",
      "incomeBeforeTax": "806000000",
      "incomeTaxExpense": "269000000",
      "interestAndDebtExpense": "None",
      "netIncomeFromContinuingOperations": "485000000",
      "comprehensiveIncomeNetOfTax": "None",
      "ebit": "1268000000",
      "ebitda": "1693000000",
      "netIncome": "423000000"
    },
    {
      "fiscalDateEnding": "2013-03-31",
      "reportedCurrency": "USD",
      "grossProfit": "6961000000",
      "totalRevenue": "8440000000",
      "costOfRevenue": "1479000000",
      "costofGoodsAndServicesSold": "1479000000",
      "operatingIncome": "1136000000",
      "sellingGeneralAndAdministrative": "3917000000",
      "researchAndDevelopment": "0",
      "operatingExpenses": "5825000000",
      "investmentIncomeNet": "None",
      "netInterestIncome": "None",
      "interestIncome": "None",
      "interestExpense": "472000000",
      "nonInterestIncome": "None",
      "otherNonOperatingIncome": "41000000",
      "depreciation": "None",
      "depreciationAndAmortization": "424000000",
      "incomeBeforeTax": "639000000",
      "incomeTaxExpense": "201000000",
      "interestAndDebtExpense": "None",
      "netIncomeFromContinuingOperations": "465000000",
      "comprehensiveIncomeNetOfTax": "None",
      "ebit": "1111000000",
      "ebitda": "1535000000",
      "netIncome": "344000000"
    },
    {
      "fiscalDateEnding": "2012-12-31",
      "reportedCurrency": "USD",
      "grossProfit": "6933000000",
      "totalRevenue": "8434000000",
      "costOfRevenue": "1501000000",
      "costofGoodsAndServicesSold": "1501000000",
      "operatingIncome": "1145000000",
      "sellingGeneralAndAdministrative": "3865000000",
      "researchAndDevelopment": "0",
      "operatingExpenses": "5762000000",
      "investmentIncomeNet": "None",
      "netInterestIncome": "None",
      "interestIncome": "None",
      "interestExpense": "462000000",
      "nonInterestIncome": "None",
      "otherNonOperatingIncome": "21000000",
      "depreciation": "None",
      "depreciationAndAmortization": "425000000",
      "incomeBeforeTax": "555000000",
      "incomeTaxExpense": "128000000",
      "interestAndDebtExpense": "None",
      "netIncomeFromContinuingOperations": "347000000",
      "comprehensiveIncomeNetOfTax": "None",
      "ebit": "1017000000",
      "ebitda": "1442000000",
      "netIncome": "314000000"
    },
    {
      "fiscalDateEnding": "2012-09-30",
      "reportedCurrency": "USD",
      "grossProfit": "6687000000",
      "totalRevenue": "8062000000",
      "costOfRevenue": "1375000000",
      "costofGoodsAndServicesSold": "1375000000",
      "operatingIncome": "1116000000",
      "sellingGeneralAndAdministrative": "3781000000",
      "researchAndDevelopment": "0",
      "operatingExpenses": "5571000000",
      "investmentIncomeNet": "None",
      "netInterestIncome": "None",
      "interestIncome": "None",
      "interestExpense": "446000000",
      "nonInterestIncome": "None",
      "otherNonOperatingIncome": "13000000",
      "depreciation": "None",
      "depreciationAndAmortization": "417000000",
      "incomeBeforeTax": "677000000",
      "incomeTaxExpense": "222000000",
      "interestAndDebtExpense": "None",
      "netIncomeFromContinuingOperations": "324000000",
      "comprehensiveIncomeNetOfTax": "None",
      "ebit": "1123000000",
      "ebitda": "1540000000",
      "netIncome": "360000000"
    },
    {
      "fiscalDateEnding": "2012-06-30",
      "reportedCurrency": "USD",
      "grossProfit": "6690000000",
      "totalRevenue": "8112000000",
      "costOfRevenue": "1422000000",
      "costofGoodsAndServicesSold": "1422000000",
      "operatingIncome": "1149000000",
      "sellingGeneralAndAdministrative": "3707000000",
      "researchAndDevelopment": "0",
      "operatingExpenses": "5541000000",
      "investmentIncomeNet": "None",
      "netInterestIncome": "None",
      "interestIncome": "None",
      "interestExpense": "448000000",
      "nonInterestIncome": "None",
      "otherNonOperatingIncome": "7000000",
      "depreciation": "None",
      "depreciationAndAmortization": "420000000",
      "incomeBeforeTax": "699000000",
      "incomeTaxExpense": "214000000",
      "interestAndDebtExpense": "None",
      "netIncomeFromContinuingOperations": "415000000",
      "comprehensiveIncomeNetOfTax": "None",
      "ebit": "1147000000",
      "ebitda": "1567000000",
      "netIncome": "391000000"
    },
    {
      "fiscalDateEnding": "2012-03-31",
      "reportedCurrency": "USD",
      "grossProfit": "7780000000",
      "totalRevenue": "9199000000",
      "costOfRevenue": "1419000000",
      "costofGoodsAndServicesSold": "1419000000",
      "operatingIncome": "1395000000",
      "sellingGeneralAndAdministrative": "3736000000",
      "researchAndDevelopment": "0",
      "operatingExpenses": "6374000000",
      "investmentIncomeNet": "None",
      "netInterestIncome": "None",
      "interestIncome": "None",
      "interestExpense": "442000000",
      "nonInterestIncome": "None",
      "otherNonOperatingIncome": "10000000",
      "depreciation": "None",
      "depreciationAndAmortization": "417000000",
      "incomeBeforeTax": "963000000",
      "incomeTaxExpense": "324000000",
      "interestAndDebtExpense": "None",
      "netIncomeFromContinuingOperations": "584000000",
      "comprehensiveIncomeNetOfTax": "None",
      "ebit": "1405000000",
      "ebitda": "1822000000",
      "netIncome": "540000000"
    },
    {
      "fiscalDateEnding": "2011-12-31",
      "reportedCurrency": "USD",
      "grossProfit": "6992000000",
      "totalRevenue": "8338000000",
      "costOfRevenue": "1346000000",
      "costofGoodsAndServicesSold": "1346000000",
      "operatingIncome": "1211000000",
      "sellingGeneralAndAdministrative": "3492000000",
      "researchAndDevelopment": "0",
      "operatingExpenses": "5781000000",
      "investmentIncomeNet": "None",
      "netInterestIncome": "None",
      "interestIncome": "None",
      "interestExpense": "465000000",
      "nonInterestIncome": "None",
      "otherNonOperatingIncome": "1708000000",
      "depreciation": "None",
      "depreciationAndAmortization": "387000000",
      "incomeBeforeTax": "2454000000",
      "incomeTaxExpense": "412000000",
      "interestAndDebtExpense": "None",
      "netIncomeFromContinuingOperations": "1832000000",
      "comprehensiveIncomeNetOfTax": "None",
      "ebit": "2919000000",
      "ebitda": "3306000000",
      "netIncome": "1935000000"
    },
    {
      "fiscalDateEnding": "2011-09-30",
      "reportedCurrency": "USD",
      "grossProfit": "6787000000",
      "totalRevenue": "8050000000",
      "costOfRevenue": "1263000000",
      "costofGoodsAndServicesSold": "1263000000",
      "operatingIncome": "982000000",
      "sellingGeneralAndAdministrative": "3333000000",
      "researchAndDevelopment": "0",
      "operatingExpenses": "5805000000",
      "investmentIncomeNet": "None",
      "netInterestIncome": "None",
      "interestIncome": "None",
      "interestExpense": "519000000",
      "nonInterestIncome": "None",
      "otherNonOperatingIncome": "-340000000",
      "depreciation": "None",
      "depreciationAndAmortization": "362000000",
      "incomeBeforeTax": "123000000",
      "incomeTaxExpense": "-23000000",
      "interestAndDebtExpense": "None",
      "netIncomeFromContinuingOperations": "146000000",
      "comprehensiveIncomeNetOfTax": "None",
      "ebit": "642000000",
      "ebitda": "1004000000",
      "netIncome": "61000000"
    },
    {
      "fiscalDateEnding": "2011-06-30",
      "reportedCurrency": "USD",
      "grossProfit": "3448000000",
      "totalRevenue": "8063000000",
      "costOfRevenue": "4615000000",
      "costofGoodsAndServicesSold": "4615000000",
      "operatingIncome": "989000000",
      "sellingGeneralAndAdministrative": "3320000000",
      "researchAndDevelopment": "0",
      "operatingExpenses": "2386000000",
      "investmentIncomeNet": "None",
      "netInterestIncome": "None",
      "interestIncome": "None",
      "interestExpense": "520000000",
      "nonInterestIncome": "None",
      "otherNonOperatingIncome": "-2000000",
      "depreciation": "None",
      "depreciationAndAmortization": "358000000",
      "incomeBeforeTax": "467000000",
      "incomeTaxExpense": "147000000",
      "interestAndDebtExpense": "None",
      "netIncomeFromContinuingOperations": "320000000",
      "comprehensiveIncomeNetOfTax": "None",
      "ebit": "1062000000",
      "ebitda": "1420000000",
      "netIncome": "229000000"
    },
    {
      "fiscalDateEnding": "2011-03-31",
      "reportedCurrency": "USD",
      "grossProfit": "6780000000",
      "totalRevenue": "8055000000",
      "costOfRevenue": "1275000000",
      "costofGoodsAndServicesSold": "1275000000",
      "operatingIncome": "1156000000",
      "sellingGeneralAndAdministrative": "3295000000",
      "researchAndDevelopment": "0",
      "operatingExpenses": "5624000000",
      "investmentIncomeNet": "None",
      "netInterestIncome": "None",
      "interestIncome": "None",
      "interestExpense": "533000000",
      "nonInterestIncome": "None",
      "otherNonOperatingIncome": "75000000",
      "depreciation": "None",
      "depreciationAndAmortization": "358000000",
      "incomeBeforeTax": "517000000",
      "incomeTaxExpense": "183000000",
      "interestAndDebtExpense": "None",
      "netIncomeFromContinuingOperations": "515000000",
      "comprehensiveIncomeNetOfTax": "None",
      "ebit": "1050000000",
      "ebitda": "1408000000",
      "netIncome": "240000000"
    },
    {
      "fiscalDateEnding": "2010-12-31",
      "reportedCurrency": "USD",
      "grossProfit": "6460000000",
      "totalRevenue": "7736000000",
      "costOfRevenue": "1276000000",
      "costofGoodsAndServicesSold": "1276000000",
      "operatingIncome": "1016000000",
      "sellingGeneralAndAdministrative": "3202000000",
      "researchAndDevelopment": "0",
      "operatingExpenses": "5444000000",
      "investmentIncomeNet": "None",
      "netInterestIncome": "None",
      "interestIncome": "None",
      "interestExpense": "526000000",
      "nonInterestIncome": "None",
      "otherNonOperatingIncome": "None",
      "depreciation": "None",
      "depreciationAndAmortization": "359000000",
      "incomeBeforeTax": "564000000",
      "incomeTaxExpense": "170000000",
      "interestAndDebtExpense": "None",
      "netIncomeFromContinuingOperations": "0",
      "comprehensiveIncomeNetOfTax": "None",
      "ebit": "1090000000",
      "ebitda": "1449000000",
      "netIncome": "283000000"
    },
    {
      "fiscalDateEnding": "2010-09-30",
      "reportedCurrency": "USD",
      "grossProfit": "6413000000",
      "totalRevenue": "7647000000",
      "costOfRevenue": "1234000000",
      "costofGoodsAndServicesSold": "1234000000",
      "operatingIncome": "938000000",
      "sellingGeneralAndAdministrative": "3134000000",
      "researchAndDevelopment": "0",
      "operatingExpenses": "5475000000",
      "investmentIncomeNet": "None",
      "netInterestIncome": "None",
      "interestIncome": "None",
      "interestExpense": "525000000",
      "nonInterestIncome": "None",
      "otherNonOperatingIncome": "None",
      "depreciation": "None",
      "depreciationAndAmortization": "352000000",
      "incomeBeforeTax": "468000000",
      "incomeTaxExpense": "143000000",
      "interestAndDebtExpense": "None",
      "netIncomeFromContinuingOperations": "0",
      "comprehensiveIncomeNetOfTax": "None",
      "ebit": "993000000",
      "ebitda": "1345000000",
      "netIncome": "243000000"
    },
    {
      "fiscalDateEnding": "2010-06-30",
      "reportedCurrency": "USD",
      "grossProfit": "6505000000",
      "totalRevenue": "7756000000",
      "costOfRevenue": "1251000000",
      "costofGoodsAndServicesSold": "1251000000",
      "operatingIncome": "1060000000",
      "sellingGeneralAndAdministrative": "3076000000",
      "researchAndDevelopment": "0",
      "operatingExpenses": "5445000000",
      "investmentIncomeNet": "None",
      "netInterestIncome": "None",
      "interestIncome": "None",
      "interestExpense": "530000000",
      "nonInterestIncome": "None",
      "otherNonOperatingIncome": "None",
      "depreciation": "None",
      "depreciationAndAmortization": "355000000",
      "incomeBeforeTax": "514000000",
      "incomeTaxExpense": "136000000",
      "interestAndDebtExpense": "None",
      "netIncomeFromContinuingOperations": "0",
      "comprehensiveIncomeNetOfTax": "None",
      "ebit": "1044000000",
      "ebitda": "1399000000",
      "netIncome": "293000000"
    },
    {
      "fiscalDateEnding": "2010-03-31",
      "reportedCurrency": "USD",
      "grossProfit": "6344000000",
      "totalRevenue": "7544000000",
      "costOfRevenue": "1200000000",
      "costofGoodsAndServicesSold": "1200000000",
      "operatingIncome": "1151000000",
      "sellingGeneralAndAdministrative": "3072000000",
      "researchAndDevelopment": "0",
      "operatingExpenses": "5193000000",
      "investmentIncomeNet": "None",
      "netInterestIncome": "None",
      "interestIncome": "None",
      "interestExpense": "516000000",
      "nonInterestIncome": "None",
      "otherNonOperatingIncome": "None",
      "depreciation": "None",
      "depreciationAndAmortization": "355000000",
      "incomeBeforeTax": "685000000",
      "incomeTaxExpense": "209000000",
      "interestAndDebtExpense": "None",
      "netIncomeFromContinuingOperations": "0",
      "comprehensiveIncomeNetOfTax": "None",
      "ebit": "1201000000",
      "ebitda": "1556000000",
      "netIncome": "388000000"
    },
    {
      "fiscalDateEnding": "2009-12-31",
      "reportedCurrency": "USD",
      "grossProfit": "6364000000",
      "totalRevenue": "7605000000",
      "costOfRevenue": "1241000000",
      "costofGoodsAndServicesSold": "1241000000",
      "operatingIncome": "921000000",
      "sellingGeneralAndAdministrative": "3078000000",
      "researchAndDevelopment": "0",
      "operatingExpenses": "5443000000",
      "investmentIncomeNet": "None",
      "netInterestIncome": "None",
      "interestIncome": "None",
      "interestExpense": "500000000",
      "nonInterestIncome": "None",
      "otherNonOperatingIncome": "None",
      "depreciation": "None",
      "depreciationAndAmortization": "358000000",
      "incomeBeforeTax": "451000000",
      "incomeTaxExpense": "147000000",
      "interestAndDebtExpense": "None",
      "netIncomeFromContinuingOperations": "0",
      "comprehensiveIncomeNetOfTax": "None",
      "ebit": "951000000",
      "ebitda": "1309000000",
      "netIncome": "216000000"
    },
    {
      "fiscalDateEnding": "2009-09-30",
      "reportedCurrency": "USD",
      "grossProfit": "6327000000",
      "totalRevenue": "7533000000",
      "costOfRevenue": "1206000000",
      "costofGoodsAndServicesSold": "1206000000",
      "operatingIncome": "866000000",
      "sellingGeneralAndAdministrative": "3013000000",
      "researchAndDevelopment": "0",
      "operatingExpenses": "5461000000",
      "investmentIncomeNet": "None",
      "netInterestIncome": "None",
      "interestIncome": "None",
      "interestExpense": "510000000",
      "nonInterestIncome": "None",
      "otherNonOperatingIncome": "None",
      "depreciation": "None",
      "depreciationAndAmortization": "354000000",
      "incomeBeforeTax": "406000000",
      "incomeTaxExpense": "132000000",
      "interestAndDebtExpense": "None",
      "netIncomeFromContinuingOperations": "0",
      "comprehensiveIncomeNetOfTax": "None",
      "ebit": "916000000",
      "ebitda": "1270000000",
      "netIncome": "196000000"
    },
    {
      "fiscalDateEnding": "2009-06-30",
      "reportedCurrency": "USD",
      "grossProfit": "3328000000",
      "totalRevenue": "7483000000",
      "costOfRevenue": "4155000000",
      "costofGoodsAndServicesSold": "4155000000",
      "operatingIncome": "978000000",
      "sellingGeneralAndAdministrative": "0",
      "researchAndDevelopment": "0",
      "operatingExpenses": "2350000000",
      "investmentIncomeNet": "None",
      "netInterestIncome": "None",
      "interestIncome": "None",
      "interestExpense": "506000000",
      "nonInterestIncome": "None",
      "otherNonOperatingIncome": "None",
      "depreciation": "None",
      "depreciationAndAmortization": "360000000",
      "incomeBeforeTax": "526000000",
      "incomeTaxExpense": "161000000",
      "interestAndDebtExpense": "None",
      "netIncomeFromContinuingOperations": "0",
      "comprehensiveIncomeNetOfTax": "None",
      "ebit": "1032000000",
      "ebitda": "1392000000",
      "netIncome": "282000000"
    },
    {
      "fiscalDateEnding": "2009-03-31",
      "reportedCurrency": "USD",
      "grossProfit": "3298000000",
      "totalRevenue": "7431000000",
      "costOfRevenue": "4133000000",
      "costofGoodsAndServicesSold": "4133000000",
      "operatingIncome": "1036000000",
      "sellingGeneralAndAdministrative": "2877000000",
      "researchAndDevelopment": "0",
      "operatingExpenses": "2262000000",
      "investmentIncomeNet": "None",
      "netInterestIncome": "None",
      "interestIncome": "None",
      "interestExpense": "471000000",
      "nonInterestIncome": "None",
      "otherNonOperatingIncome": "None",
      "depreciation": "None",
      "depreciationAndAmortization": "353000000",
      "incomeBeforeTax": "619000000",
      "incomeTaxExpense": "187000000",
      "interestAndDebtExpense": "None",
      "netIncomeFromContinuingOperations": "0",
      "comprehensiveIncomeNetOfTax": "None",
      "ebit": "1090000000",
      "ebitda": "1443000000",
      "netIncome": "360000000"
    },
    {
      "fiscalDateEnding": "2008-12-31",
      "reportedCurrency": "USD",
      "grossProfit": "6108000000",
      "totalRevenue": "7265000000",
      "costOfRevenue": "1157000000",
      "costofGoodsAndServicesSold": "1157000000",
      "operatingIncome": "830000000",
      "sellingGeneralAndAdministrative": "2877000000",
      "researchAndDevelopment": "0",
      "operatingExpenses": "5278000000",
      "investmentIncomeNet": "None",
      "netInterestIncome": "None",
      "interestIncome": "None",
      "interestExpense": "500000000",
      "nonInterestIncome": "None",
      "otherNonOperatingIncome": "None",
      "depreciation": "None",
      "depreciationAndAmortization": "354000000",
      "incomeBeforeTax": "311000000",
      "incomeTaxExpense": "35000000",
      "interestAndDebtExpense": "None",
      "netIncomeFromContinuingOperations": "0",
      "comprehensiveIncomeNetOfTax": "None",
      "ebit": "811000000",
      "ebitda": "1165000000",
      "netIncome": "276000000"
    },
    {
      "fiscalDateEnding": "2008-09-30",
      "reportedCurrency": "USD",
      "grossProfit": "5861000000",
      "totalRevenue": "7002000000",
      "costOfRevenue": "1141000000",
      "costofGoodsAndServicesSold": "1141000000",
      "operatingIncome": "663000000",
      "sellingGeneralAndAdministrative": "2883000000",
      "researchAndDevelopment": "0",
      "operatingExpenses": "5198000000",
      "investmentIncomeNet": "None",
      "netInterestIncome": "None",
      "interestIncome": "None",
      "interestExpense": "497000000",
      "nonInterestIncome": "None",
      "otherNonOperatingIncome": "None",
      "depreciation": "None",
      "depreciationAndAmortization": "350000000",
      "incomeBeforeTax": "163000000",
      "incomeTaxExpense": "77000000",
      "interestAndDebtExpense": "None",
      "netIncomeFromContinuingOperations": "0",
      "comprehensiveIncomeNetOfTax": "None",
      "ebit": "709000000",
      "ebitda": "1059000000",
      "netIncome": "86000000"
    },
    {
      "fiscalDateEnding": "2008-06-30",
      "reportedCurrency": "USD",
      "grossProfit": "2990000000",
      "totalRevenue": "6980000000",
      "costOfRevenue": "3990000000",
      "costofGoodsAndServicesSold": "3990000000",
      "operatingIncome": "686000000",
      "sellingGeneralAndAdministrative": "0",
      "researchAndDevelopment": "0",
      "operatingExpenses": "2304000000",
      "investmentIncomeNet": "None",
      "netInterestIncome": "None",
      "interestIncome": "None",
      "interestExpense": "494000000",
      "nonInterestIncome": "None",
      "otherNonOperatingIncome": "None",
      "depreciation": "None",
      "depreciationAndAmortization": "355000000",
      "incomeBeforeTax": "179000000",
      "incomeTaxExpense": "38000000",
      "interestAndDebtExpense": "None",
      "netIncomeFromContinuingOperations": "0",
      "comprehensiveIncomeNetOfTax": "None",
      "ebit": "692000000",
      "ebitda": "1047000000",
      "netIncome": "141000000"
    },
    {
      "fiscalDateEnding": "2008-03-31",
      "reportedCurrency": "USD",
      "grossProfit": "5954000000",
      "totalRevenue": "7127000000",
      "costOfRevenue": "1173000000",
      "costofGoodsAndServicesSold": "1173000000",
      "operatingIncome": "823000000",
      "sellingGeneralAndAdministrative": "2839000000",
      "researchAndDevelopment": "0",
      "operatingExpenses": "5131000000",
      "investmentIncomeNet": "None",
      "netInterestIncome": "None",
      "interestIncome": "None",
      "interestExpense": "530000000",
      "nonInterestIncome": "None",
      "otherNonOperatingIncome": "None",
      "depreciation": "None",
      "depreciationAndAmortization": "357000000",
      "incomeBeforeTax": "288000000",
      "incomeTaxExpense": "118000000",
      "interestAndDebtExpense": "None",
      "netIncomeFromContinuingOperations": "0",
      "comprehensiveIncomeNetOfTax": "None",
      "ebit": "874000000",
      "ebitda": "1231000000",
      "netIncome": "170000000"
    },
    {
      "fiscalDateEnding": "2007-12-31",
      "reportedCurrency": "USD",
      "grossProfit": "5772000000",
      "totalRevenue": "6883000000",
      "costOfRevenue": "1111000000",
      "costofGoodsAndServicesSold": "1111000000",
      "operatingIncome": "791000000",
      "sellingGeneralAndAdministrative": "2712000000",
      "researchAndDevelopment": "0",
      "operatingExpenses": "4981000000",
      "investmentIncomeNet": "None",
      "netInterestIncome": "None",
      "interestIncome": "None",
      "interestExpense": "541000000",
      "nonInterestIncome": "None",
      "otherNonOperatingIncome": "None",
      "depreciation": "None",
      "depreciationAndAmortization": "354000000",
      "incomeBeforeTax": "349000000",
      "incomeTaxExpense": "71000000",
      "interestAndDebtExpense": "None",
      "netIncomeFromContinuingOperations": "0",
      "comprehensiveIncomeNetOfTax": "None",
      "ebit": "890000000",
      "ebitda": "1244000000",
      "netIncome": "278000000"
    },
    {
      "fiscalDateEnding": "2007-09-30",
      "reportedCurrency": "USD",
      "grossProfit": "5484000000",
      "totalRevenue": "6569000000",
      "costOfRevenue": "1085000000",
      "costofGoodsAndServicesSold": "1085000000",
      "operatingIncome": "627000000",
      "sellingGeneralAndAdministrative": "2701000000",
      "researchAndDevelopment": "0",
      "operatingExpenses": "4857000000",
      "investmentIncomeNet": "None",
      "netInterestIncome": "None",
      "interestIncome": "None",
      "interestExpense": "560000000",
      "nonInterestIncome": "None",
      "otherNonOperatingIncome": "None",
      "depreciation": "None",
      "depreciationAndAmortization": "356000000",
      "incomeBeforeTax": "339000000",
      "incomeTaxExpense": "39000000",
      "interestAndDebtExpense": "None",
      "netIncomeFromContinuingOperations": "0",
      "comprehensiveIncomeNetOfTax": "None",
      "ebit": "899000000",
      "ebitda": "1255000000",
      "netIncome": "300000000"
    },
    {
      "fiscalDateEnding": "2007-06-30",
      "reportedCurrency": "USD",
      "grossProfit": "5633000000",
      "totalRevenue": "6729000000",
      "costOfRevenue": "1096000000",
      "costofGoodsAndServicesSold": "1096000000",
      "operatingIncome": "819000000",
      "sellingGeneralAndAdministrative": "2654000000",
      "researchAndDevelopment": "0",
      "operatingExpenses": "4814000000",
      "investmentIncomeNet": "None",
      "netInterestIncome": "None",
      "interestIncome": "None",
      "interestExpense": "557000000",
      "nonInterestIncome": "None",
      "otherNonOperatingIncome": "None",
      "depreciation": "None",
      "depreciationAndAmortization": "361000000",
      "incomeBeforeTax": "194000000",
      "incomeTaxExpense": "78000000",
      "interestAndDebtExpense": "None",
      "netIncomeFromContinuingOperations": "0",
      "comprehensiveIncomeNetOfTax": "None",
      "ebit": "819000000",
      "ebitda": "1180000000",
      "netIncome": "116000000"
    },
    {
      "fiscalDateEnding": "2007-03-31",
      "reportedCurrency": "USD",
      "grossProfit": "5574000000",
      "totalRevenue": "6677000000",
      "costOfRevenue": "1103000000",
      "costofGoodsAndServicesSold": "1103000000",
      "operatingIncome": "921000000",
      "sellingGeneralAndAdministrative": "2647000000",
      "researchAndDevelopment": "0",
      "operatingExpenses": "4653000000",
      "investmentIncomeNet": "None",
      "netInterestIncome": "None",
      "interestIncome": "None",
      "interestExpense": "557000000",
      "nonInterestIncome": "None",
      "otherNonOperatingIncome": "None",
      "depreciation": "None",
      "depreciationAndAmortization": "355000000",
      "incomeBeforeTax": "308000000",
      "incomeTaxExpense": "128000000",
      "interestAndDebtExpense": "None",
      "netIncomeFromContinuingOperations": "0",
      "comprehensiveIncomeNetOfTax": "None",
      "ebit": "865000000",
      "ebitda": "1220000000",
      "netIncome": "180000000"
    },
    {
      "fiscalDateEnding": "2006-12-31",
      "reportedCurrency": "USD",
      "grossProfit": "5418000000",
      "totalRevenue": "6489000000",
      "costOfRevenue": "1071000000",
      "costofGoodsAndServicesSold": "1071000000",
      "operatingIncome": "930000000",
      "sellingGeneralAndAdministrative": "2593000000",
      "researchAndDevelopment": "0",
      "operatingExpenses": "4488000000",
      "investmentIncomeNet": "None",
      "netInterestIncome": "None",
      "interestIncome": "None",
      "interestExpense": "373000000",
      "nonInterestIncome": "None",
      "otherNonOperatingIncome": "None",
      "depreciation": "None",
      "depreciationAndAmortization": "346000000",
      "incomeBeforeTax": "203000000",
      "incomeTaxExpense": "81000000",
      "interestAndDebtExpense": "None",
      "netIncomeFromContinuingOperations": "0",
      "comprehensiveIncomeNetOfTax": "None",
      "ebit": "930000000",
      "ebitda": "1276000000",
      "netIncome": "122000000"
    },
    {
      "fiscalDateEnding": "2006-09-30",
      "reportedCurrency": "USD",
      "grossProfit": "5167000000",
      "totalRevenue": "6213000000",
      "costOfRevenue": "1046000000",
      "costofGoodsAndServicesSold": "1046000000",
      "operatingIncome": "588000000",
      "sellingGeneralAndAdministrative": "2600000000",
      "researchAndDevelopment": "0",
      "operatingExpenses": "4579000000",
      "investmentIncomeNet": "None",
      "netInterestIncome": "None",
      "interestIncome": "None",
      "interestExpense": "200000000",
      "nonInterestIncome": "None",
      "otherNonOperatingIncome": "None",
      "depreciation": "None",
      "depreciationAndAmortization": "348000000",
      "incomeBeforeTax": "376000000",
      "incomeTaxExpense": "136000000",
      "interestAndDebtExpense": "None",
      "netIncomeFromContinuingOperations": "0",
      "comprehensiveIncomeNetOfTax": "None",
      "ebit": "576000000",
      "ebitda": "924000000",
      "netIncome": "240000000"
    },
    {
      "fiscalDateEnding": "2006-06-30",
      "reportedCurrency": "USD",
      "grossProfit": "5269000000",
      "totalRevenue": "6360000000",
      "costOfRevenue": "1091000000",
      "costofGoodsAndServicesSold": "1091000000",
      "operatingIncome": "712000000",
      "sellingGeneralAndAdministrative": "2605000000",
      "researchAndDevelopment": "0",
      "operatingExpenses": "4557000000",
      "investmentIncomeNet": "None",
      "netInterestIncome": "None",
      "interestIncome": "None",
      "interestExpense": "196000000",
      "nonInterestIncome": "None",
      "otherNonOperatingIncome": "None",
      "depreciation": "None",
      "depreciationAndAmortization": "352000000",
      "incomeBeforeTax": "475000000",
      "incomeTaxExpense": "180000000",
      "interestAndDebtExpense": "None",
      "netIncomeFromContinuingOperations": "0",
      "comprehensiveIncomeNetOfTax": "None",
      "ebit": "671000000",
      "ebitda": "1023000000",
      "netIncome": "295000000"
    },
    {
      "fiscalDateEnding": "2006-03-31",
      "reportedCurrency": "USD",
      "grossProfit": "5301000000",
      "totalRevenue": "6415000000",
      "costOfRevenue": "1114000000",
      "costofGoodsAndServicesSold": "1114000000",
      "operatingIncome": "848000000",
      "sellingGeneralAndAdministrative": "2611000000",
      "researchAndDevelopment": "0",
      "operatingExpenses": "4453000000",
      "investmentIncomeNet": "None",
      "netInterestIncome": "None",
      "interestIncome": "None",
      "interestExpense": "186000000",
      "nonInterestIncome": "None",
      "otherNonOperatingIncome": "None",
      "depreciation": "None",
      "depreciationAndAmortization": "345000000",
      "incomeBeforeTax": "607000000",
      "incomeTaxExpense": "228000000",
      "interestAndDebtExpense": "None",
      "netIncomeFromContinuingOperations": "0",
      "comprehensiveIncomeNetOfTax": "None",
      "ebit": "793000000",
      "ebitda": "1138000000",
      "netIncome": "379000000"
    },
    {
      "fiscalDateEnding": "2005-12-31",
      "reportedCurrency": "USD",
      "grossProfit": "5154000000",
      "totalRevenue": "6178000000",
      "costOfRevenue": "1024000000",
      "costofGoodsAndServicesSold": "1024000000",
      "operatingIncome": "671000000",
      "sellingGeneralAndAdministrative": "2538000000",
      "researchAndDevelopment": "0",
      "operatingExpenses": "4483000000",
      "investmentIncomeNet": "None",
      "netInterestIncome": "None",
      "interestIncome": "None",
      "interestExpense": "166000000",
      "nonInterestIncome": "None",
      "otherNonOperatingIncome": "None",
      "depreciation": "None",
      "depreciationAndAmortization": "336000000",
      "incomeBeforeTax": "508000000",
      "incomeTaxExpense": "183000000",
      "interestAndDebtExpense": "None",
      "netIncomeFromContinuingOperations": "0",
      "comprehensiveIncomeNetOfTax": "None",
      "ebit": "674000000",
      "ebitda": "1010000000",
      "netIncome": "325000000"
    },
    {
      "fiscalDateEnding": "2005-09-30",
      "reportedCurrency": "USD",
      "grossProfit": "5016000000",
      "totalRevenue": "6025000000",
      "costOfRevenue": "1009000000",
      "costofGoodsAndServicesSold": "1009000000",
      "operatingIncome": "612000000",
      "sellingGeneralAndAdministrative": "2484000000",
      "researchAndDevelopment": "0",
      "operatingExpenses": "4404000000",
      "investmentIncomeNet": "None",
      "netInterestIncome": "None",
      "interestIncome": "None",
      "interestExpense": "160000000",
      "nonInterestIncome": "None",
      "otherNonOperatingIncome": "None",
      "depreciation": "None",
      "depreciationAndAmortization": "337000000",
      "incomeBeforeTax": "409000000",
      "incomeTaxExpense": "129000000",
      "interestAndDebtExpense": "None",
      "netIncomeFromContinuingOperations": "0",
      "comprehensiveIncomeNetOfTax": "None",
      "ebit": "569000000",
      "ebitda": "906000000",
      "netIncome": "280000000"
    },
    {
      "fiscalDateEnding": "2005-06-30",
      "reportedCurrency": "USD",
      "grossProfit": "5028000000",
      "totalRevenue": "6070000000",
      "costOfRevenue": "1042000000",
      "costofGoodsAndServicesSold": "1042000000",
      "operatingIncome": "754000000",
      "sellingGeneralAndAdministrative": "2463000000",
      "researchAndDevelopment": "0",
      "operatingExpenses": "4274000000",
      "investmentIncomeNet": "None",
      "netInterestIncome": "None",
      "interestIncome": "None",
      "interestExpense": "165000000",
      "nonInterestIncome": "None",
      "otherNonOperatingIncome": "None",
      "depreciation": "None",
      "depreciationAndAmortization": "364000000",
      "incomeBeforeTax": "569000000",
      "incomeTaxExpense": "164000000",
      "interestAndDebtExpense": "None",
      "netIncomeFromContinuingOperations": "0",
      "comprehensiveIncomeNetOfTax": "None",
      "ebit": "734000000",
      "ebitda": "1098000000",
      "netIncome": "405000000"
    },
    {
      "fiscalDateEnding": "2005-03-31",
      "reportedCurrency": "USD",
      "grossProfit": "5131000000",
      "totalRevenue": "6182000000",
      "costOfRevenue": "1051000000",
      "costofGoodsAndServicesSold": "1051000000",
      "operatingIncome": "867000000",
      "sellingGeneralAndAdministrative": "2443000000",
      "researchAndDevelopment": "0",
      "operatingExpenses": "4264000000",
      "investmentIncomeNet": "None",
      "netInterestIncome": "None",
      "interestIncome": "None",
      "interestExpense": "164000000",
      "nonInterestIncome": "None",
      "otherNonOperatingIncome": "None",
      "depreciation": "None",
      "depreciationAndAmortization": "337000000",
      "incomeBeforeTax": "663000000",
      "incomeTaxExpense": "249000000",
      "interestAndDebtExpense": "None",
      "netIncomeFromContinuingOperations": "0",
      "comprehensiveIncomeNetOfTax": "None",
      "ebit": "827000000",
      "ebitda": "1164000000",
      "netIncome": "414000000"
    }
  ]
}