{
  "symbol": "KO",
  "annualReports": [
    {
      "fiscalDateEnding": "2024-12-31",
      "reportedCurrency": "USD",
      "grossProfit": "28737000000",
      "totalRevenue": "47061000000",
      "costOfRevenue": "18324000000",
      "costofGoodsAndServicesSold": "18324000000",
      "operatingIncome": "9992000000",
      "sellingGeneralAndAdministrative": "286000000",
      "researchAndDevelopment": "None",
      "operatingExpenses": "18745000000",
      "investmentIncomeNet": "None",
      "netInterestIncome": "-668000000",
      "interestIncome": "988000000",
      "interestExpense": "1656000000",
      "nonInterestIncome": "None",
      "otherNonOperatingIncome": "None",
      "depreciation": "None",
      "depreciationAndAmortization": "1075000000",
      "incomeBeforeTax": "13086000000",
      "incomeTaxExpense": "2437000000",
      "interestAndDebtExpense": "None",
      "netIncomeFromContinuingOperations": "10649000000",
      "comprehensiveIncomeNetOfTax": "None",
      "ebit": "14739000000",
      "ebitda": "15814000000",
      "netIncome": "10631000000"
    },
    {
      "fiscalDateEnding": "2023-12-31",
      "reportedCurrency": "USD",
      "grossProfit": "27234000000",
      "totalRevenue": "45754000000",
      "costOfRevenue": "18520000000",
      "costofGoodsAndServicesSold": "18520000000",
      "operatingIncome": "11311000000",
      "sellingGeneralAndAdministrative": "254000000",
      "researchAndDevelopment": "None",
      "operatingExpenses": "15928000000",
      "investmentIncomeNet": "None",
      "netInterestIncome": "-635000000",
      "interestIncome": "907000000",
      "interestExpense": "1527000000",
      "nonInterestIncome": "None",
      "otherNonOperatingIncome": "None",
      "depreciation": "None",
      "depreciationAndAmortization": "1128000000",
      "incomeBeforeTax": "12952000000",
      "incomeTaxExpense": "2249000000",
      "interestAndDebtExpense": "None",
      "netIncomeFromContinuingOperations": "10703000000",
      "comprehensiveIncomeNetOfTax": "None",
      "ebit": "14493000000",
      "ebitda": "15621000000",
      "netIncome": "10714000000"
    },
    {
      "fiscalDateEnding": "2022-12-31",
      "reportedCurrency": "USD",
      "grossProfit": "25004000000",
      "totalRevenue": "43004000000",
      "costOfRevenue": "18000000000",
      "costofGoodsAndServicesSold": "18000000000",
      "operatingIncome": "10909000000",
      "sellingGeneralAndAdministrative": "356000000",
      "researchAndDevelopment": "None",
      "operatingExpenses": "14095000000",
      "investmentIncomeNet": "None",
      "netInterestIncome": "-433000000",
      "interestIncome": "1039000000",
      "interestExpense": "882000000",
      "nonInterestIncome": "None",
      "otherNonOperatingIncome": "1659000000",
      "depreciation": "None",
      "depreciationAndAmortization": "1260000000",
      "incomeBeforeTax": "11686000000",
      "incomeTaxExpense": "2115000000",
      "interestAndDebtExpense": "None",
      "netIncomeFromContinuingOperations": "9571000000",
      "comprehensiveIncomeNetOfTax": "None",
      "ebit": "12547000000",
      "ebitda": "13807000000",
      "netIncome": "9542000000"
    },
    {
      "fiscalDateEnding": "2021-12-31",
      "reportedCurrency": "USD",
      "grossProfit": "23298000000",
      "totalRevenue": "38655000000",
      "costOfRevenue": "15357000000",
      "costofGoodsAndServicesSold": "15357000000",
      "operatingIncome": "10308000000",
      "sellingGeneralAndAdministrative": "337000000",
      "researchAndDevelopment": "None",
      "operatingExpenses": "12990000000",
      "investmentIncomeNet": "None",
      "netInterestIncome": "-1321000000",
      "interestIncome": "276000000",
      "interestExpense": "1597000000",
      "nonInterestIncome": "None",
      "otherNonOperatingIncome": "3714000000",
      "depreciation": "None",
      "depreciationAndAmortization": "1452000000",
      "incomeBeforeTax": "12425000000",
      "incomeTaxExpense": "2621000000",
      "interestAndDebtExpense": "None",
      "netIncomeFromContinuingOperations": "9804000000",
      "comprehensiveIncomeNetOfTax": "None",
      "ebit": "13085000000",
      "ebitda": "14537000000",
      "netIncome": "9771000000"
    },
    {
      "fiscalDateEnding": "2020-12-31",
      "reportedCurrency": "USD",
      "grossProfit": "19581000000",
      "totalRevenue": "33014000000",
      "costOfRevenue": "13433000000",
      "costofGoodsAndServicesSold": "13433000000",
      "operatingIncome": "8997000000",
      "sellingGeneralAndAdministrative": "126000000",
      "researchAndDevelopment": "None",
      "operatingExpenses": "10584000000",
      "investmentIncomeNet": "None",
      "netInterestIncome": "-1067000000",
      "interestIncome": "89000000",
      "interestExpense": "1437000000",
      "nonInterestIncome": "None",
      "otherNonOperatingIncome": "2189000000",
      "depreciation": "None",
      "depreciationAndAmortization": "1536000000",
      "incomeBeforeTax": "9749000000",
      "incomeTaxExpense": "1981000000",
      "interestAndDebtExpense": "None",
      "netIncomeFromContinuingOperations": "7768000000",
      "comprehensiveIncomeNetOfTax": "None",
      "ebit": "11123000000",
      "ebitda": "12659000000",
      "netIncome": "7747000000"
    },
    {
      "fiscalDateEnding": "2019-12-31",
      "reportedCurrency": "USD",
      "grossProfit": "22647000000",
      "totalRevenue": "37266000000",
      "costOfRevenue": "14619000000",
      "costofGoodsAndServicesSold": "14619000000",
      "operatingIncome": "10086000000",
      "sellingGeneralAndAdministrative": "201000000",
      "researchAndDevelopment": "None",
      "operatingExpenses": "12561000000",
      "investmentIncomeNet": "None",
      "netInterestIncome": "-383000000",
      "interestIncome": "563000000",
      "interestExpense": "946000000",
      "nonInterestIncome": "None",
      "otherNonOperatingIncome": "1646000000",
      "depreciation": "None",
      "depreciationAndAmortization": "1365000000",
      "incomeBeforeTax": "10786000000",
      "incomeTaxExpense": "1801000000",
      "interestAndDebtExpense": "None",
      "netIncomeFromContinuingOperations": "8985000000",
      "comprehensiveIncomeNetOfTax": "None",
      "ebit": "11680000000",
      "ebitda": "13045000000",
      "netIncome": "8920000000"
    },
    {
      "fiscalDateEnding": "2018-12-31",
      "reportedCurrency": "USD",
      "grossProfit": "21233000000",
      "totalRevenue": "34300000000",
      "costOfRevenue": "13067000000",
      "costofGoodsAndServicesSold": "13067000000",
      "operatingIncome": "9152000000",
      "sellingGeneralAndAdministrative": "225000000",
      "researchAndDevelopment": "0",
      "operatingExpenses": "12081000000",
      "investmentIncomeNet": "None",
      "netInterestIncome": "-237000000",
      "interestIncome": "682000000",
      "interestExpense": "950000000",
      "nonInterestIncome": "None",
      "otherNonOperatingIncome": "569000000",
      "depreciation": "None",
      "depreciationAndAmortization": "1086000000",
      "incomeBeforeTax": "8225000000",
      "incomeTaxExpense": "1749000000",
      "interestAndDebtExpense": "None",
      "netIncomeFromContinuingOperations": "6727000000",
      "comprehensiveIncomeNetOfTax": "None",
      "ebit": "9140000000",
      "ebitda": "10226000000",
      "netIncome": "6434000000"
    },
    {
      "fiscalDateEnding": "2017-12-31",
      "reportedCurrency": "USD",
      "grossProfit": "22154000000",
      "totalRevenue": "35410000000",
      "costOfRevenue": "13256000000",
      "costofGoodsAndServicesSold": "13256000000",
      "operatingIncome": "7501000000",
      "sellingGeneralAndAdministrative": "219000000",
      "researchAndDevelopment": "0",
      "operatingExpenses": "14653000000",
      "investmentIncomeNet": "None",
      "netInterestIncome": "-164000000",
      "interestIncome": "677000000",
      "interestExpense": "841000000",
      "nonInterestIncome": "None",
      "otherNonOperatingIncome": "82000000",
      "depreciation": "None",
      "depreciationAndAmortization": "1260000000",
      "incomeBeforeTax": "6742000000",
      "incomeTaxExpense": "5560000000",
      "interestAndDebtExpense": "None",
      "netIncomeFromContinuingOperations": "1182000000",
      "comprehensiveIncomeNetOfTax": "None",
      "ebit": "7495000000",
      "ebitda": "8755000000",
      "netIncome": "1248000000"
    },
    {
      "fiscalDateEnding": "2016-12-31",
      "reportedCurrency": "USD",
      "grossProfit": "25398000000",
      "totalRevenue": "41863000000",
      "costOfRevenue": "16465000000",
      "costofGoodsAndServicesSold": "16465000000",
      "operatingIncome": "8626000000",
      "sellingGeneralAndAdministrative": "258000000",
      "researchAndDevelopment": "0",
      "operatingExpenses": "16772000000",
      "investmentIncomeNet": "None",
      "netInterestIncome": "-91000000",
      "interestIncome": "642000000",
      "interestExpense": "733000000",
      "nonInterestIncome": "None",
      "otherNonOperatingIncome": "243000000",
      "depreciation": "None",
      "depreciationAndAmortization": "1787000000",
      "incomeBeforeTax": "8136000000",
      "incomeTaxExpense": "1586000000",
      "interestAndDebtExpense": "None",
      "netIncomeFromContinuingOperations": "6550000000",
      "comprehensiveIncomeNetOfTax": "None",
      "ebit": "8820000000",
      "ebitda": "10607000000",
      "netIncome": "6527000000"
    },
    {
      "fiscalDateEnding": "2015-12-31",
      "reportedCurrency": "USD",
      "grossProfit": "26812000000",
      "totalRevenue": "44294000000",
      "costOfRevenue": "17482000000",
      "costofGoodsAndServicesSold": "17482000000",
      "operatingIncome": "8728000000",
      "sellingGeneralAndAdministrative": "236000000",
      "researchAndDevelopment": "0",
      "operatingExpenses": "18084000000",
      "investmentIncomeNet": "None",
      "netInterestIncome": "None",
      "interestIncome": "2031000000",
      "interestExpense": "856000000",
      "nonInterestIncome": "None",
      "otherNonOperatingIncome": "1733000000",
      "depreciation": "None",
      "depreciationAndAmortization": "1970000000",
      "incomeBeforeTax": "9605000000",
      "incomeTaxExpense": "2239000000",
      "interestAndDebtExpense": "None",
      "netIncomeFromContinuingOperations": "7366000000",
      "comprehensiveIncomeNetOfTax": "None",
      "ebit": "10447000000",
      "ebitda": "12417000000",
      "netIncome": "7351000000"
    },
    {
      "fiscalDateEnding": "2014-12-31",
      "reportedCurrency": "USD",
      "grossProfit": "28109000000",
      "totalRevenue": "45998000000",
      "costOfRevenue": "17889000000",
      "costofGoodsAndServicesSold": "17889000000",
      "operatingIncome": "9708000000",
      "sellingGeneralAndAdministrative": "209000000",
      "researchAndDevelopment": "0",
      "operatingExpenses": "18401000000",
      "investmentIncomeNet": "None",
      "netInterestIncome": "None",
      "interestIncome": "None",
      "interestExpense": "483000000",
      "nonInterestIncome": "None",
      "otherNonOperatingIncome": "100000000",
      "depreciation": "None",
      "depreciationAndAmortization": "1976000000",
      "incomeBeforeTax": "9325000000",
      "incomeTaxExpense": "2201000000",
      "interestAndDebtExpense": "None",
      "netIncomeFromContinuingOperations": "7124000000",
      "comprehensiveIncomeNetOfTax": "None",
      "ebit": "9837000000",
      "ebitda": "11813000000",
      "netIncome": "7098000000"
    },
    {
      "fiscalDateEnding": "2013-12-31",
      "reportedCurrency": "USD",
      "grossProfit": "28433000000",
      "totalRevenue": "46854000000",
      "costOfRevenue": "18421000000",
      "costofGoodsAndServicesSold": "18421000000",
      "operatingIncome": "10228000000",
      "sellingGeneralAndAdministrative": "227000000",
      "researchAndDevelopment": "0",
      "operatingExpenses": "18205000000",
      "investmentIncomeNet": "None",
      "netInterestIncome": "None",
      "interestIncome": "None",
      "interestExpense": "463000000",
      "nonInterestIncome": "None",
      "otherNonOperatingIncome": "1712000000",
      "depreciation": "None",
      "depreciationAndAmortization": "1977000000",
      "incomeBeforeTax": "11477000000",
      "incomeTaxExpense": "2851000000",
      "interestAndDebtExpense": "None",
      "netIncomeFromContinuingOperations": "8626000000",
      "comprehensiveIncomeNetOfTax": "None",
      "ebit": "11916000000",
      "ebitda": "13893000000",
      "netIncome": "8584000000"
    },
    {
      "fiscalDateEnding": "2012-12-31",
      "reportedCurrency": "USD",
      "grossProfit": "28964000000",
      "totalRevenue": "48017000000",
      "costOfRevenue": "19053000000",
      "costofGoodsAndServicesSold": "19053000000",
      "operatingIncome": "10779000000",
      "sellingGeneralAndAdministrative": "259000000",
      "researchAndDevelopment": "0",
      "operatingExpenses": "18185000000",
      "investmentIncomeNet": "None",
      "netInterestIncome": "None",
      "interestIncome": "None",
      "interestExpense": "397000000",
      "nonInterestIncome": "None",
      "otherNonOperatingIncome": "1427000000",
      "depreciation": "None",
      "depreciationAndAmortization": "1982000000",
      "incomeBeforeTax": "11809000000",
      "incomeTaxExpense": "2723000000",
      "interestAndDebtExpense": "None",
      "netIncomeFromContinuingOperations": "9086000000",
      "comprehensiveIncomeNetOfTax": "None",
      "ebit": "12241000000",
      "ebitda": "14223000000",
      "netIncome": "9019000000"
    },
    {
      "fiscalDateEnding": "2011-12-31",
      "reportedCurrency": "USD",
      "grossProfit": "28326000000",
      "totalRevenue": "46542000000",
      "costOfRevenue": "18216000000",
      "costofGoodsAndServicesSold": "18216000000",
      "operatingIncome": "10154000000",
      "sellingGeneralAndAdministrative": "17440000000",
      "researchAndDevelopment": "0",
      "operatingExpenses": "18172000000",
      "investmentIncomeNet": "None",
      "netInterestIncome": "None",
      "interestIncome": "None",
      "interestExpense": "417000000",
      "nonInterestIncome": "None",
      "otherNonOperatingIncome": "1702000000",
      "depreciation": "None",
      "depreciationAndAmortization": "1954000000",
      "incomeBeforeTax": "11439000000",
      "incomeTaxExpense": "2805000000",
      "interestAndDebtExpense": "None",
      "netIncomeFromContinuingOperations": "8634000000",
      "comprehensiveIncomeNetOfTax": "None",
      "ebit": "11872000000",
      "ebitda": "13826000000",
      "netIncome": "8572000000"
    },
    {
      "fiscalDateEnding": "2010-12-31",
      "reportedCurrency": "USD",
      "grossProfit": "22426000000",
      "totalRevenue": "35119000000",
      "costOfRevenue": "12693000000",
      "costofGoodsAndServicesSold": "12693000000",
      "operatingIncome": "8449000000",
      "sellingGeneralAndAdministrative": "13158000000",
      "researchAndDevelopment": "0",
      "operatingExpenses": "13977000000",
      "investmentIncomeNet": "None",
      "netInterestIncome": "None",
      "interestIncome": "None",
      "interestExpense": "733000000",
      "nonInterestIncome": "None",
      "otherNonOperatingIncome": "6527000000",
      "depreciation": "None",
      "depreciationAndAmortization": "1443000000",
      "incomeBeforeTax": "14243000000",
      "incomeTaxExpense": "2384000000",
      "interestAndDebtExpense": "None",
      "netIncomeFromContinuingOperations": "11859000000",
      "comprehensiveIncomeNetOfTax": "None",
      "ebit": "14857000000",
      "ebitda": "16300000000",
      "netIncome": "11809000000"
    },
    {
      "fiscalDateEnding": "2009-12-31",
      "reportedCurrency": "USD",
      "grossProfit": "19902000000",
      "totalRevenue": "30990000000",
      "costOfRevenue": "11088000000",
      "costofGoodsAndServicesSold": "11088000000",
      "operatingIncome": "8231000000",
      "sellingGeneralAndAdministrative": "11358000000",
      "researchAndDevelopment": "0",
      "operatingExpenses": "11671000000",
      "investmentIncomeNet": "None",
      "netInterestIncome": "None",
      "interestIncome": "None",
      "interestExpense": "355000000",
      "nonInterestIncome": "None",
      "otherNonOperatingIncome": "1070000000",
      "depreciation": "None",
      "depreciationAndAmortization": "1236000000",
      "incomeBeforeTax": "8946000000",
      "incomeTaxExpense": "2040000000",
      "interestAndDebtExpense": "None",
      "netIncomeFromContinuingOperations": "6906000000",
      "comprehensiveIncomeNetOfTax": "None",
      "ebit": "9295000000",
      "ebitda": "10531000000",
      "netIncome": "6824000000"
    },
    {
      "fiscalDateEnding": "2008-12-31",
      "reportedCurrency": "USD",
      "grossProfit": "20570000000",
      "totalRevenue": "31944000000",
      "costOfRevenue": "11374000000",
      "costofGoodsAndServicesSold": "11374000000",
      "operatingIncome": "8446000000",
      "sellingGeneralAndAdministrative": "11774000000",
      "researchAndDevelopment": "None",
      "operatingExpenses": "12124000000",
      "investmentIncomeNet": "None",
      "netInterestIncome": "None",
      "interestIncome": "None",
      "interestExpense": "438000000",
      "nonInterestIncome": "None",
      "otherNonOperatingIncome": "None",
      "depreciation": "None",
      "depreciationAndAmortization": "1228000000",
      "incomeBeforeTax": "7439000000",
      "incomeTaxExpense": "1632000000",
      "interestAndDebtExpense": "None",
      "netIncomeFromContinuingOperations": "None",
      "comprehensiveIncomeNetOfTax": "None",
      "ebit": "7885000000",
      "ebitda": "9113000000",
      "netIncome": "5807000000"
    },
    {
      "fiscalDateEnding": "2007-12-31",
      "reportedCurrency": "USD",
      "grossProfit": "18451000000",
      "totalRevenue": "28857000000",
      "costOfRevenue": "10406000000",
      "costofGoodsAndServicesSold": "10406000000",
      "operatingIncome": "7252000000",
      "sellingGeneralAndAdministrative": "11199000000",
      "researchAndDevelopment": "None",
      "operatingExpenses": "11199000000",
      "investmentIncomeNet": "None",
      "netInterestIncome": "None",
      "interestIncome": "None",
      "interestExpense": "456000000",
      "nonInterestIncome": "None",
      "otherNonOperatingIncome": "None",
      "depreciation": "None",
      "depreciationAndAmortization": "1163000000",
      "incomeBeforeTax": "7873000000",
      "incomeTaxExpense": "1892000000",
      "interestAndDebtExpense": "None",
      "netIncomeFromContinuingOperations": "None",
      "comprehensiveIncomeNetOfTax": "None",
      "ebit": "8329000000",
      "ebitda": "9492000000",
      "netIncome": "5981000000"
    },
    {
      "fiscalDateEnding": "2006-12-31",
      "reportedCurrency": "USD",
      "grossProfit": "15924000000",
      "totalRevenue": "24088000000",
      "costOfRevenue": "8164000000",
      "costofGoodsAndServicesSold": "8164000000",
      "operatingIncome": "6308000000",
      "sellingGeneralAndAdministrative": "9616000000",
      "researchAndDevelopment": "None",
      "operatingExpenses": "9616000000",
      "investmentIncomeNet": "None",
      "netInterestIncome": "None",
      "interestIncome": "None",
      "interestExpense": "0",
      "nonInterestIncome": "None",
      "otherNonOperatingIncome": "None",
      "depreciation": "None",
      "depreciationAndAmortization": "938000000",
      "incomeBeforeTax": "6578000000",
      "incomeTaxExpense": "1498000000",
      "interestAndDebtExpense": "None",
      "netIncomeFromContinuingOperations": "None",
      "comprehensiveIncomeNetOfTax": "None",
      "ebit": "6308000000",
      "ebitda": "7246000000",
      "netIncome": "5080000000"
    },
    {
      "fiscalDateEnding": "2005-12-31",
      "reportedCurrency": "USD",
      "grossProfit": "14909000000",
      "totalRevenue": "23104000000",
      "costOfRevenue": "8195000000",
      "costofGoodsAndServicesSold": "8195000000",
      "operatingIncome": "6085000000",
      "sellingGeneralAndAdministrative": "8824000000",
      "researchAndDevelopment": "None",
      "operatingExpenses": "8824000000",
      "investmentIncomeNet": "None",
      "netInterestIncome": "None",
      "interestIncome": "None",
      "interestExpense": "0",
      "nonInterestIncome": "None",
      "otherNonOperatingIncome": "None",
      "depreciation": "None",
      "depreciationAndAmortization": "932000000",
      "incomeBeforeTax": "6690000000",
      "incomeTaxExpense": "1818000000",
      "interestAndDebtExpense": "None",
      "netIncomeFromContinuingOperations": "None",
      "comprehensiveIncomeNetOfTax": "None",
      "ebit": "6085000000",
      "ebitda": "7017000000",
      "netIncome": "4872000000"
    }
  ],
  "quarterlyReports": [
    {
      "fiscalDateEnding": "2025-03-31",
      "reportedCurrency": "USD",
      "grossProfit": "6966000000",
      "totalRevenue": "11129000000",
      "costOfRevenue": "4163000000",
      "costofGoodsAndServicesSold": "4163000000",
      "operatingIncome": "3659000000",
      "sellingGeneralAndAdministrative": "3234000000",
      "researchAndDevelopment": "None",
      "operatingExpenses": "3307000000",
      "investmentIncomeNet": "None",
      "netInterestIncome": "-207000000",
      "interestIncome": "180000000",
      "interestExpense": "387000000",
      "nonInterestIncome": "None",
      "otherNonOperatingIncome": "None",
      "depreciation": "None",
      "depreciationAndAmortization": "267000000",
      "incomeBeforeTax": "4057000000",
      "incomeTaxExpense": "722000000",
      "interestAndDebtExpense": "None",
      "netIncomeFromContinuingOperations": "3335000000",
      "comprehensiveIncomeNetOfTax": "None",
      "ebit": "4444000000",
      "ebitda": "4711000000",
      "netIncome": "3330000000"
    },
    {
      "fiscalDateEnding": "2024-12-31",
      "reportedCurrency": "USD",
      "grossProfit": "6931000000",
      "totalRevenue": "11544000000",
      "costOfRevenue": "4613000000",
      "costofGoodsAndServicesSold": "4613000000",
      "operatingIncome": "2709000000",
      "sellingGeneralAndAdministrative": "79000000",
      "researchAndDevelopment": "None",
      "operatingExpenses": "4222000000",
      "investmentIncomeNet": "None",
      "netInterestIncome": "-227000000",
      "interestIncome": "204000000",
      "interestExpense": "431000000",
      "nonInterestIncome": "None",
      "otherNonOperatingIncome": "None",
      "depreciation": "None",
      "depreciationAndAmortization": "276000000",
      "incomeBeforeTax": "2806000000",
      "incomeTaxExpense": "611000000",
      "interestAndDebtExpense": "None",
      "netIncomeFromContinuingOperations": "2213000000",
      "comprehensiveIncomeNetOfTax": "None",
      "ebit": "3237000000",
      "ebitda": "3513000000",
      "netIncome": "2195000000"
    },
    {
      "fiscalDateEnding": "2024-09-30",
      "reportedCurrency": "USD",
      "grossProfit": "7190000000",
      "totalRevenue": "11854000000",
      "costOfRevenue": "4664000000",
      "costofGoodsAndServicesSold": "4664000000",
      "operatingIncome": "2510000000",
      "sellingGeneralAndAdministrative": "67000000",
      "researchAndDevelopment": "None",
      "operatingExpenses": "4661000000",
      "investmentIncomeNet": "None",
      "netInterestIncome": "-162000000",
      "interestIncome": "263000000",
      "interestExpense": "425000000",
      "nonInterestIncome": "None",
      "otherNonOperatingIncome": "None",
      "depreciation": "None",
      "depreciationAndAmortization": "268000000",
      "incomeBeforeTax": "3380000000",
      "incomeTaxExpense": "530000000",
      "interestAndDebtExpense": "None",
      "netIncomeFromContinuingOperations": "2850000000",
      "comprehensiveIncomeNetOfTax": "None",
      "ebit": "3802000000",
      "ebitda": "4070000000",
      "netIncome": "2848000000"
    },
    {
      "fiscalDateEnding": "2024-06-30",
      "reportedCurrency": "USD",
      "grossProfit": "7551000000",
      "totalRevenue": "12363000000",
      "costOfRevenue": "4812000000",
      "costofGoodsAndServicesSold": "4812000000",
      "operatingIncome": "2632000000",
      "sellingGeneralAndAdministrative": "2149000000",
      "researchAndDevelopment": "None",
      "operatingExpenses": "4919000000",
      "investmentIncomeNet": "None",
      "netInterestIncome": "-143000000",
      "interestIncome": "275000000",
      "interestExpense": "418000000",
      "nonInterestIncome": "None",
      "otherNonOperatingIncome": "None",
      "depreciation": "None",
      "depreciationAndAmortization": "269000000",
      "incomeBeforeTax": "3028000000",
      "incomeTaxExpense": "617000000",
      "interestAndDebtExpense": "None",
      "netIncomeFromContinuingOperations": "2401000000",
      "comprehensiveIncomeNetOfTax": "None",
      "ebit": "3446000000",
      "ebitda": "3715000000",
      "netIncome": "2411000000"
    },
    {
      "fiscalDateEnding": "2024-03-31",
      "reportedCurrency": "USD",
      "grossProfit": "7065000000",
      "totalRevenue": "11300000000",
      "costOfRevenue": "4235000000",
      "costofGoodsAndServicesSold": "4235000000",
      "operatingIncome": "2141000000",
      "sellingGeneralAndAdministrative": "68000000",
      "researchAndDevelopment": "None",
      "operatingExpenses": "4924000000",
      "investmentIncomeNet": "None",
      "netInterestIncome": "-136000000",
      "interestIncome": "246000000",
      "interestExpense": "382000000",
      "nonInterestIncome": "None",
      "otherNonOperatingIncome": "None",
      "depreciation": "None",
      "depreciationAndAmortization": "262000000",
      "incomeBeforeTax": "3872000000",
      "incomeTaxExpense": "687000000",
      "interestAndDebtExpense": "None",
      "netIncomeFromContinuingOperations": "3185000000",
      "comprehensiveIncomeNetOfTax": "None",
      "ebit": "4255000000",
      "ebitda": "4517000000",
      "netIncome": "3177000000"
    },
    {
      "fiscalDateEnding": "2023-12-31",
      "reportedCurrency": "USD",
      "grossProfit": "6215000000",
      "totalRevenue": "10849000000",
      "costOfRevenue": "4634000000",
      "costofGoodsAndServicesSold": "4634000000",
      "operatingIncome": "2273000000",
      "sellingGeneralAndAdministrative": "144000000",
      "researchAndDevelopment": "None",
      "operatingExpenses": "3799000000",
      "investmentIncomeNet": "None",
      "netInterestIncome": "-146000000",
      "interestIncome": "267000000",
      "interestExpense": "413000000",
      "nonInterestIncome": "None",
      "otherNonOperatingIncome": "None",
      "depreciation": "None",
      "depreciationAndAmortization": "271000000",
      "incomeBeforeTax": "2482000000",
      "incomeTaxExpense": "509000000",
      "interestAndDebtExpense": "None",
      "netIncomeFromContinuingOperations": "1986000000",
      "comprehensiveIncomeNetOfTax": "None",
      "ebit": "2885000000",
      "ebitda": "3156000000",
      "netIncome": "1973000000"
    },
    {
      "fiscalDateEnding": "2023-09-30",
      "reportedCurrency": "USD",
      "grossProfit": "7296000000",
      "totalRevenue": "11953000000",
      "costOfRevenue": "4657000000",
      "costofGoodsAndServicesSold": "4657000000",
      "operatingIncome": "3270000000",
      "sellingGeneralAndAdministrative": "57000000",
      "researchAndDevelopment": "None",
      "operatingExpenses": "3667000000",
      "investmentIncomeNet": "None",
      "netInterestIncome": "-120000000",
      "interestIncome": "248000000",
      "interestExpense": "368000000",
      "nonInterestIncome": "None",
      "otherNonOperatingIncome": "None",
      "depreciation": "None",
      "depreciationAndAmortization": "290000000",
      "incomeBeforeTax": "3537000000",
      "incomeTaxExpense": "454000000",
      "interestAndDebtExpense": "None",
      "netIncomeFromContinuingOperations": "3083000000",
      "comprehensiveIncomeNetOfTax": "None",
      "ebit": "3838000000",
      "ebitda": "4128000000",
      "netIncome": "3087000000"
    },
    {
      "fiscalDateEnding": "2023-06-30",
      "reportedCurrency": "USD",
      "grossProfit": "7060000000",
      "totalRevenue": "11972000000",
      "costOfRevenue": "4912000000",
      "costofGoodsAndServicesSold": "4912000000",
      "operatingIncome": "2401000000",
      "sellingGeneralAndAdministrative": "62000000",
      "researchAndDevelopment": "None",
      "operatingExpenses": "4659000000",
      "investmentIncomeNet": "None",
      "netInterestIncome": "-150000000",
      "interestIncome": "224000000",
      "interestExpense": "374000000",
      "nonInterestIncome": "None",
      "otherNonOperatingIncome": "853000000",
      "depreciation": "None",
      "depreciationAndAmortization": "281000000",
      "incomeBeforeTax": "2880000000",
      "incomeTaxExpense": "333000000",
      "interestAndDebtExpense": "None",
      "netIncomeFromContinuingOperations": "2521000000",
      "comprehensiveIncomeNetOfTax": "None",
      "ebit": "3283000000",
      "ebitda": "3564000000",
      "netIncome": "2547000000"
    },
    {
      "fiscalDateEnding": "2023-03-31",
      "reportedCurrency": "USD",
      "grossProfit": "6663000000",
      "totalRevenue": "10980000000",
      "costOfRevenue": "4317000000",
      "costofGoodsAndServicesSold": "4317000000",
      "operatingIncome": "3367000000",
      "sellingGeneralAndAdministrative": "58000000",
      "researchAndDevelopment": "None",
      "operatingExpenses": "3800000000",
      "investmentIncomeNet": "None",
      "netInterestIncome": "-204000000",
      "interestIncome": "168000000",
      "interestExpense": "372000000",
      "nonInterestIncome": "None",
      "otherNonOperatingIncome": "1058000000",
      "depreciation": "None",
      "depreciationAndAmortization": "286000000",
      "incomeBeforeTax": "4053000000",
      "incomeTaxExpense": "940000000",
      "interestAndDebtExpense": "None",
      "netIncomeFromContinuingOperations": "3113000000",
      "comprehensiveIncomeNetOfTax": "None",
      "ebit": "4411000000",
      "ebitda": "4697000000",
      "netIncome": "3107000000"
    },
    {
      "fiscalDateEnding": "2022-12-31",
      "reportedCurrency": "USD",
      "grossProfit": "5612000000",
      "totalRevenue": "10125000000",
      "costOfRevenue": "4513000000",
      "costofGoodsAndServicesSold": "4513000000",
      "operatingIncome": "2075000000",
      "sellingGeneralAndAdministrative": "83000000",
      "researchAndDevelopment": "None",
      "operatingExpenses": "3537000000",
      "investmentIncomeNet": "None",
      "netInterestIncome": "-161000000",
      "interestIncome": "178000000",
      "interestExpense": "304000000",
      "nonInterestIncome": "None",
      "otherNonOperatingIncome": "220000000",
      "depreciation": "None",
      "depreciationAndAmortization": "307000000",
      "incomeBeforeTax": "2500000000",
      "incomeTaxExpense": "444000000",
      "interestAndDebtExpense": "None",
      "netIncomeFromContinuingOperations": "2056000000",
      "comprehensiveIncomeNetOfTax": "None",
      "ebit": "2782000000",
      "ebitda": "3089000000",
      "netIncome": "2031000000"
    },
    {
      "fiscalDateEnding": "2022-09-30",
      "reportedCurrency": "USD",
      "grossProfit": "6497000000",
      "totalRevenue": "11063000000",
      "costOfRevenue": "4566000000",
      "costofGoodsAndServicesSold": "4566000000",
      "operatingIncome": "3088000000",
      "sellingGeneralAndAdministrative": "84000000",
      "researchAndDevelopment": "None",
      "operatingExpenses": "3409000000",
      "investmentIncomeNet": "None",
      "netInterestIncome": "-70000000",
      "interestIncome": "128000000",
      "interestExpense": "198000000",
      "nonInterestIncome": "None",
      "otherNonOperatingIncome": "607000000",
      "depreciation": "None",
      "depreciationAndAmortization": "307000000",
      "incomeBeforeTax": "3444000000",
      "incomeTaxExpense": "622000000",
      "interestAndDebtExpense": "None",
      "netIncomeFromContinuingOperations": "2822000000",
      "comprehensiveIncomeNetOfTax": "None",
      "ebit": "3660000000",
      "ebitda": "3967000000",
      "netIncome": "2825000000"
    },
    {
      "fiscalDateEnding": "2022-06-30",
      "reportedCurrency": "USD",
      "grossProfit": "6672000000",
      "totalRevenue": "11355000000",
      "costOfRevenue": "4683000000",
      "costofGoodsAndServicesSold": "4683000000",
      "operatingIncome": "1599000000",
      "sellingGeneralAndAdministrative": "102000000",
      "researchAndDevelopment": "None",
      "operatingExpenses": "5073000000",
      "investmentIncomeNet": "None",
      "netInterestIncome": "-98000000",
      "interestIncome": "100000000",
      "interestExpense": "198000000",
      "nonInterestIncome": "None",
      "otherNonOperatingIncome": "492000000",
      "depreciation": "None",
      "depreciationAndAmortization": "322000000",
      "incomeBeforeTax": "2284000000",
      "incomeTaxExpense": "384000000",
      "interestAndDebtExpense": "None",
      "netIncomeFromContinuingOperations": "1900000000",
      "comprehensiveIncomeNetOfTax": "None",
      "ebit": "2453000000",
      "ebitda": "2775000000",
      "netIncome": "1905000000"
    },
    {
      "fiscalDateEnding": "2022-03-31",
      "reportedCurrency": "USD",
      "grossProfit": "6400000000",
      "totalRevenue": "10491000000",
      "costOfRevenue": "4091000000",
      "costofGoodsAndServicesSold": "4091000000",
      "operatingIncome": "3405000000",
      "sellingGeneralAndAdministrative": "87000000",
      "researchAndDevelopment": "None",
      "operatingExpenses": "2995000000",
      "investmentIncomeNet": "None",
      "netInterestIncome": "-104000000",
      "interestIncome": "78000000",
      "interestExpense": "182000000",
      "nonInterestIncome": "None",
      "otherNonOperatingIncome": "340000000",
      "depreciation": "None",
      "depreciationAndAmortization": "324000000",
      "incomeBeforeTax": "3458000000",
      "incomeTaxExpense": "665000000",
      "interestAndDebtExpense": "None",
      "netIncomeFromContinuingOperations": "2793000000",
      "comprehensiveIncomeNetOfTax": "None",
      "ebit": "3637000000",
      "ebitda": "3961000000",
      "netIncome": "2781000000"
    },
    {
      "fiscalDateEnding": "2021-12-31",
      "reportedCurrency": "USD",
      "grossProfit": "5376000000",
      "totalRevenue": "9464000000",
      "costOfRevenue": "4088000000",
      "costofGoodsAndServicesSold": "4088000000",
      "operatingIncome": "1672000000",
      "sellingGeneralAndAdministrative": "101000000",
      "researchAndDevelopment": "None",
      "operatingExpenses": "3704000000",
      "investmentIncomeNet": "None",
      "netInterestIncome": "-94000000",
      "interestIncome": "71000000",
      "interestExpense": "165000000",
      "nonInterestIncome": "None",
      "otherNonOperatingIncome": "2373000000",
      "depreciation": "None",
      "depreciationAndAmortization": "1452000000",
      "incomeBeforeTax": "2960000000",
      "incomeTaxExpense": "510000000",
      "interestAndDebtExpense": "None",
      "netIncomeFromContinuingOperations": "2450000000",
      "comprehensiveIncomeNetOfTax": "None",
      "ebit": "3035000000",
      "ebitda": "4487000000",
      "netIncome": "2414000000"
    },
    {
      "fiscalDateEnding": "2021-09-30",
      "reportedCurrency": "USD",
      "grossProfit": "6065000000",
      "totalRevenue": "10042000000",
      "costOfRevenue": "3977000000",
      "costofGoodsAndServicesSold": "3977000000",
      "operatingIncome": "2898000000",
      "sellingGeneralAndAdministrative": "88000000",
      "researchAndDevelopment": "None",
      "operatingExpenses": "3167000000",
      "investmentIncomeNet": "None",
      "netInterestIncome": "-142000000",
      "interestIncome": "68000000",
      "interestExpense": "210000000",
      "nonInterestIncome": "None",
      "otherNonOperatingIncome": "523000000",
      "depreciation": "None",
      "depreciationAndAmortization": "362000000",
      "incomeBeforeTax": "3084000000",
      "incomeTaxExpense": "609000000",
      "interestAndDebtExpense": "None",
      "netIncomeFromContinuingOperations": "2475000000",
      "comprehensiveIncomeNetOfTax": "None",
      "ebit": "3292000000",
      "ebitda": "3654000000",
      "netIncome": "2471000000"
    },
    {
      "fiscalDateEnding": "2021-06-30",
      "reportedCurrency": "USD",
      "grossProfit": "6342000000",
      "totalRevenue": "10129000000",
      "costOfRevenue": "3787000000",
      "costofGoodsAndServicesSold": "3787000000",
      "operatingIncome": "3016000000",
      "sellingGeneralAndAdministrative": "90000000",
      "researchAndDevelopment": "None",
      "operatingExpenses": "3326000000",
      "investmentIncomeNet": "None",
      "netInterestIncome": "-709000000",
      "interestIncome": "307000000",
      "interestExpense": "780000000",
      "nonInterestIncome": "None",
      "otherNonOperatingIncome": "473000000",
      "depreciation": "None",
      "depreciationAndAmortization": "383000000",
      "incomeBeforeTax": "3618000000",
      "incomeTaxExpense": "994000000",
      "interestAndDebtExpense": "None",
      "netIncomeFromContinuingOperations": "2624000000",
      "comprehensiveIncomeNetOfTax": "None",
      "ebit": "3713000000",
      "ebitda": "4096000000",
      "netIncome": "2641000000"
    },
    {
      "fiscalDateEnding": "2021-03-31",
      "reportedCurrency": "USD",
      "grossProfit": "5515000000",
      "totalRevenue": "9020000000",
      "costOfRevenue": "3505000000",
      "costofGoodsAndServicesSold": "3505000000",
      "operatingIncome": "2722000000",
      "sellingGeneralAndAdministrative": "58000000",
      "researchAndDevelopment": "None",
      "operatingExpenses": "2793000000",
      "investmentIncomeNet": "None",
      "netInterestIncome": "-376000000",
      "interestIncome": "66000000",
      "interestExpense": "442000000",
      "nonInterestIncome": "None",
      "otherNonOperatingIncome": "345000000",
      "depreciation": "None",
      "depreciationAndAmortization": "366000000",
      "incomeBeforeTax": "2763000000",
      "incomeTaxExpense": "508000000",
      "interestAndDebtExpense": "None",
      "netIncomeFromContinuingOperations": "2255000000",
      "comprehensiveIncomeNetOfTax": "None",
      "ebit": "2955000000",
      "ebitda": "3321000000",
      "netIncome": "2245000000"
    },
    {
      "fiscalDateEnding": "2020-12-31",
      "reportedCurrency": "USD",
      "grossProfit": "5033000000",
      "totalRevenue": "8611000000",
      "costOfRevenue": "3578000000",
      "costofGoodsAndServicesSold": "3578000000",
      "operatingIncome": "2338000000",
      "sellingGeneralAndAdministrative": "38000000",
      "researchAndDevelopment": "None",
      "operatingExpenses": "2695000000",
      "investmentIncomeNet": "None",
      "netInterestIncome": "-234000000",
      "interestIncome": "30000000",
      "interestExpense": "310000000",
      "nonInterestIncome": "None",
      "otherNonOperatingIncome": "1121000000",
      "depreciation": "None",
      "depreciationAndAmortization": "430000000",
      "incomeBeforeTax": "2361000000",
      "incomeTaxExpense": "887000000",
      "interestAndDebtExpense": "None",
      "netIncomeFromContinuingOperations": "1474000000",
      "comprehensiveIncomeNetOfTax": "None",
      "ebit": "2648000000",
      "ebitda": "3078000000",
      "netIncome": "1456000000"
    },
    {
      "fiscalDateEnding": "2020-09-30",
      "reportedCurrency": "USD",
      "grossProfit": "5181000000",
      "totalRevenue": "8652000000",
      "costOfRevenue": "3471000000",
      "costofGoodsAndServicesSold": "3471000000",
      "operatingIncome": "2298000000",
      "sellingGeneralAndAdministrative": "52000000",
      "researchAndDevelopment": "None",
      "operatingExpenses": "2883000000",
      "investmentIncomeNet": "None",
      "netInterestIncome": "-578000000",
      "interestIncome": "132000000",
      "interestExpense": "660000000",
      "nonInterestIncome": "None",
      "otherNonOperatingIncome": "513000000",
      "depreciation": "None",
      "depreciationAndAmortization": "358000000",
      "incomeBeforeTax": "2181000000",
      "incomeTaxExpense": "441000000",
      "interestAndDebtExpense": "None",
      "netIncomeFromContinuingOperations": "1740000000",
      "comprehensiveIncomeNetOfTax": "None",
      "ebit": "2820000000",
      "ebitda": "3178000000",
      "netIncome": "1737000000"
    },
    {
      "fiscalDateEnding": "2020-06-30",
      "reportedCurrency": "USD",
      "grossProfit": "9367000000",
      "totalRevenue": "15751000000",
      "costOfRevenue": "6384000000",
      "costofGoodsAndServicesSold": "6384000000",
      "operatingIncome": "4361000000",
      "sellingGeneralAndAdministrative": "41000000",
      "researchAndDevelopment": "None",
      "operatingExpenses": "5006000000",
      "investmentIncomeNet": "None",
      "netInterestIncome": "-174000000",
      "interestIncome": "100000000",
      "interestExpense": "467000000",
      "nonInterestIncome": "None",
      "otherNonOperatingIncome": "276000000",
      "depreciation": "None",
      "depreciationAndAmortization": "381000000",
      "incomeBeforeTax": "5207000000",
      "incomeTaxExpense": "653000000",
      "interestAndDebtExpense": "None",
      "netIncomeFromContinuingOperations": "1759000000",
      "comprehensiveIncomeNetOfTax": "None",
      "ebit": "2456000000",
      "ebitda": "2837000000",
      "netIncome": "4554000000"
    },
    {
      "fiscalDateEnding": "2020-03-31",
      "reportedCurrency": "USD",
      "grossProfit": "5230000000",
      "totalRevenue": "8601000000",
      "costOfRevenue": "3371000000",
      "costofGoodsAndServicesSold": "3371000000",
      "operatingIncome": "2380000000",
      "sellingGeneralAndAdministrative": "5000000",
      "researchAndDevelopment": "None",
      "operatingExpenses": "2850000000",
      "investmentIncomeNet": "None",
      "netInterestIncome": "-81000000",
      "interestIncome": "112000000",
      "interestExpense": "193000000",
      "nonInterestIncome": "None",
      "otherNonOperatingIncome": "279000000",
      "depreciation": "None",
      "depreciationAndAmortization": "367000000",
      "incomeBeforeTax": "3010000000",
      "incomeTaxExpense": "215000000",
      "interestAndDebtExpense": "None",
      "netIncomeFromContinuingOperations": "2795000000",
      "comprehensiveIncomeNetOfTax": "None",
      "ebit": "3199000000",
      "ebitda": "3566000000",
      "netIncome": "2775000000"
    },
    {
      "fiscalDateEnding": "2019-12-31",
      "reportedCurrency": "USD",
      "grossProfit": "5502000000",
      "totalRevenue": "9068000000",
      "costOfRevenue": "3566000000",
      "costofGoodsAndServicesSold": "3566000000",
      "operatingIncome": "2164000000",
      "sellingGeneralAndAdministrative": "55000000",
      "researchAndDevelopment": "None",
      "operatingExpenses": "3338000000",
      "investmentIncomeNet": "None",
      "netInterestIncome": "-100000000",
      "interestIncome": "135000000",
      "interestExpense": "235000000",
      "nonInterestIncome": "None",
      "otherNonOperatingIncome": "648000000",
      "depreciation": "None",
      "depreciationAndAmortization": "400000000",
      "incomeBeforeTax": "2420000000",
      "incomeTaxExpense": "355000000",
      "interestAndDebtExpense": "None",
      "netIncomeFromContinuingOperations": "2122000000",
      "comprehensiveIncomeNetOfTax": "None",
      "ebit": "2630000000",
      "ebitda": "3030000000",
      "netIncome": "2042000000"
    },
    {
      "fiscalDateEnding": "2019-09-30",
      "reportedCurrency": "USD",
      "grossProfit": "5740000000",
      "totalRevenue": "9507000000",
      "costOfRevenue": "3767000000",
      "costofGoodsAndServicesSold": "3767000000",
      "operatingIncome": "2499000000",
      "sellingGeneralAndAdministrative": "58000000",
      "researchAndDevelopment": "None",
      "operatingExpenses": "3241000000",
      "investmentIncomeNet": "None",
      "netInterestIncome": "-77000000",
      "interestIncome": "153000000",
      "interestExpense": "230000000",
      "nonInterestIncome": "None",
      "otherNonOperatingIncome": "499000000",
      "depreciation": "None",
      "depreciationAndAmortization": "363000000",
      "incomeBeforeTax": "3092000000",
      "incomeTaxExpense": "503000000",
      "interestAndDebtExpense": "None",
      "netIncomeFromContinuingOperations": "2589000000",
      "comprehensiveIncomeNetOfTax": "None",
      "ebit": "3315000000",
      "ebitda": "3678000000",
      "netIncome": "2593000000"
    },
    {
      "fiscalDateEnding": "2019-06-30",
      "reportedCurrency": "USD",
      "grossProfit": "6076000000",
      "totalRevenue": "9997000000",
      "costOfRevenue": "3921000000",
      "costofGoodsAndServicesSold": "3921000000",
      "operatingIncome": "2988000000",
      "sellingGeneralAndAdministrative": "48000000",
      "researchAndDevelopment": "None",
      "operatingExpenses": "3088000000",
      "investmentIncomeNet": "None",
      "netInterestIncome": "-94000000",
      "interestIncome": "142000000",
      "interestExpense": "236000000",
      "nonInterestIncome": "None",
      "otherNonOperatingIncome": "471000000",
      "depreciation": "None",
      "depreciationAndAmortization": "327000000",
      "incomeBeforeTax": "3049000000",
      "incomeTaxExpense": "421000000",
      "interestAndDebtExpense": "None",
      "netIncomeFromContinuingOperations": "2628000000",
      "comprehensiveIncomeNetOfTax": "None",
      "ebit": "3275000000",
      "ebitda": "3602000000",
      "netIncome": "2607000000"
    },
    {
      "fiscalDateEnding": "2019-03-31",
      "reportedCurrency": "USD",
      "grossProfit": "5030000000",
      "totalRevenue": "8020000000",
      "costOfRevenue": "2990000000",
      "costofGoodsAndServicesSold": "2990000000",
      "operatingIncome": "2336000000",
      "sellingGeneralAndAdministrative": "40000000",
      "researchAndDevelopment": "None",
      "operatingExpenses": "2694000000",
      "investmentIncomeNet": "None",
      "netInterestIncome": "-103000000",
      "interestIncome": "129000000",
      "interestExpense": "232000000",
      "nonInterestIncome": "None",
      "otherNonOperatingIncome": "28000000",
      "depreciation": "None",
      "depreciationAndAmortization": "275000000",
      "incomeBeforeTax": "2132000000",
      "incomeTaxExpense": "486000000",
      "interestAndDebtExpense": "None",
      "netIncomeFromContinuingOperations": "1646000000",
      "comprehensiveIncomeNetOfTax": "None",
      "ebit": "2354000000",
      "ebitda": "2629000000",
      "netIncome": "1678000000"
    },
    {
      "fiscalDateEnding": "2018-12-31",
      "reportedCurrency": "USD",
      "grossProfit": "4337000000",
      "totalRevenue": "7058000000",
      "costOfRevenue": "2721000000",
      "costofGoodsAndServicesSold": "2721000000",
      "operatingIncome": "1636000000",
      "sellingGeneralAndAdministrative": "58000000",
      "researchAndDevelopment": "0",
      "operatingExpenses": "2701000000",
      "investmentIncomeNet": "None",
      "netInterestIncome": "None",
      "interestIncome": "None",
      "interestExpense": "242000000",
      "nonInterestIncome": "None",
      "otherNonOperatingIncome": "-607000000",
      "depreciation": "None",
      "depreciationAndAmortization": "279000000",
      "incomeBeforeTax": "787000000",
      "incomeTaxExpense": "-5000000",
      "interestAndDebtExpense": "None",
      "netIncomeFromContinuingOperations": "792000000",
      "comprehensiveIncomeNetOfTax": "None",
      "ebit": "1018000000",
      "ebitda": "1297000000",
      "netIncome": "870000000"
    },
    {
      "fiscalDateEnding": "2018-09-30",
      "reportedCurrency": "USD",
      "grossProfit": "5186000000",
      "totalRevenue": "8245000000",
      "costOfRevenue": "3059000000",
      "costofGoodsAndServicesSold": "3059000000",
      "operatingIncome": "2526000000",
      "sellingGeneralAndAdministrative": "46000000",
      "researchAndDevelopment": "0",
      "operatingExpenses": "2660000000",
      "investmentIncomeNet": "None",
      "netInterestIncome": "None",
      "interestIncome": "None",
      "interestExpense": "206000000",
      "nonInterestIncome": "None",
      "otherNonOperatingIncome": "527000000",
      "depreciation": "None",
      "depreciationAndAmortization": "254000000",
      "incomeBeforeTax": "2847000000",
      "incomeTaxExpense": "528000000",
      "interestAndDebtExpense": "None",
      "netIncomeFromContinuingOperations": "2319000000",
      "comprehensiveIncomeNetOfTax": "None",
      "ebit": "3045000000",
      "ebitda": "3299000000",
      "netIncome": "1880000000"
    },
    {
      "fiscalDateEnding": "2018-06-30",
      "reportedCurrency": "USD",
      "grossProfit": "5675000000",
      "totalRevenue": "8927000000",
      "costOfRevenue": "3252000000",
      "costofGoodsAndServicesSold": "3252000000",
      "operatingIncome": "2727000000",
      "sellingGeneralAndAdministrative": "49000000",
      "researchAndDevelopment": "0",
      "operatingExpenses": "2948000000",
      "investmentIncomeNet": "None",
      "netInterestIncome": "None",
      "interestIncome": "None",
      "interestExpense": "241000000",
      "nonInterestIncome": "None",
      "otherNonOperatingIncome": "397000000",
      "depreciation": "None",
      "depreciationAndAmortization": "283000000",
      "incomeBeforeTax": "2883000000",
      "incomeTaxExpense": "594000000",
      "interestAndDebtExpense": "None",
      "netIncomeFromContinuingOperations": "2289000000",
      "comprehensiveIncomeNetOfTax": "None",
      "ebit": "3105000000",
      "ebitda": "3388000000",
      "netIncome": "2316000000"
    },
    {
      "fiscalDateEnding": "2018-03-31",
      "reportedCurrency": "USD",
      "grossProfit": "4888000000",
      "totalRevenue": "7626000000",
      "costOfRevenue": "2738000000",
      "costofGoodsAndServicesSold": "2738000000",
      "operatingIncome": "1811000000",
      "sellingGeneralAndAdministrative": "72000000",
      "researchAndDevelopment": "0",
      "operatingExpenses": "3077000000",
      "investmentIncomeNet": "None",
      "netInterestIncome": "None",
      "interestIncome": "None",
      "interestExpense": "230000000",
      "nonInterestIncome": "None",
      "otherNonOperatingIncome": "252000000",
      "depreciation": "None",
      "depreciationAndAmortization": "270000000",
      "incomeBeforeTax": "1833000000",
      "incomeTaxExpense": "506000000",
      "interestAndDebtExpense": "None",
      "netIncomeFromContinuingOperations": "1327000000",
      "comprehensiveIncomeNetOfTax": "None",
      "ebit": "2039000000",
      "ebitda": "2309000000",
      "netIncome": "1368000000"
    },
    {
      "fiscalDateEnding": "2017-12-31",
      "reportedCurrency": "USD",
      "grossProfit": "4823000000",
      "totalRevenue": "7512000000",
      "costOfRevenue": "2689000000",
      "costofGoodsAndServicesSold": "2689000000",
      "operatingIncome": "1321000000",
      "sellingGeneralAndAdministrative": "52000000",
      "researchAndDevelopment": "0",
      "operatingExpenses": "3502000000",
      "investmentIncomeNet": "None",
      "netInterestIncome": "None",
      "interestIncome": "None",
      "interestExpense": "210000000",
      "nonInterestIncome": "None",
      "otherNonOperatingIncome": "-174000000",
      "depreciation": "None",
      "depreciationAndAmortization": "334000000",
      "incomeBeforeTax": "937000000",
      "incomeTaxExpense": "3755000000",
      "interestAndDebtExpense": "None",
      "netIncomeFromContinuingOperations": "-2818000000",
      "comprehensiveIncomeNetOfTax": "None",
      "ebit": "1132000000",
      "ebitda": "1466000000",
      "netIncome": "-2752000000"
    },
    {
      "fiscalDateEnding": "2017-09-30",
      "reportedCurrency": "USD",
      "grossProfit": "5683000000",
      "totalRevenue": "9078000000",
      "costOfRevenue": "3395000000",
      "costofGoodsAndServicesSold": "3395000000",
      "operatingIncome": "2120000000",
      "sellingGeneralAndAdministrative": "53000000",
      "researchAndDevelopment": "0",
      "operatingExpenses": "3563000000",
      "investmentIncomeNet": "None",
      "netInterestIncome": "None",
      "interestIncome": "None",
      "interestExpense": "208000000",
      "nonInterestIncome": "None",
      "otherNonOperatingIncome": "-238000000",
      "depreciation": "None",
      "depreciationAndAmortization": "297000000",
      "incomeBeforeTax": "1674000000",
      "incomeTaxExpense": "230000000",
      "interestAndDebtExpense": "None",
      "netIncomeFromContinuingOperations": "1444000000",
      "comprehensiveIncomeNetOfTax": "None",
      "ebit": "1875000000",
      "ebitda": "2172000000",
      "netIncome": "1447000000"
    },
    {
      "fiscalDateEnding": "2017-06-30",
      "reportedCurrency": "USD",
      "grossProfit": "6043000000",
      "totalRevenue": "9702000000",
      "costOfRevenue": "3659000000",
      "costofGoodsAndServicesSold": "3659000000",
      "operatingIncome": "2078000000",
      "sellingGeneralAndAdministrative": "59000000",
      "researchAndDevelopment": "0",
      "operatingExpenses": "3965000000",
      "investmentIncomeNet": "None",
      "netInterestIncome": "None",
      "interestIncome": "None",
      "interestExpense": "231000000",
      "nonInterestIncome": "None",
      "otherNonOperatingIncome": "777000000",
      "depreciation": "None",
      "depreciationAndAmortization": "301000000",
      "incomeBeforeTax": "2624000000",
      "incomeTaxExpense": "1252000000",
      "interestAndDebtExpense": "None",
      "netIncomeFromContinuingOperations": "1372000000",
      "comprehensiveIncomeNetOfTax": "None",
      "ebit": "2846000000",
      "ebitda": "3147000000",
      "netIncome": "1371000000"
    },
    {
      "fiscalDateEnding": "2017-03-31",
      "reportedCurrency": "USD",
      "grossProfit": "5605000000",
      "totalRevenue": "9118000000",
      "costOfRevenue": "3513000000",
      "costofGoodsAndServicesSold": "3513000000",
      "operatingIncome": "1982000000",
      "sellingGeneralAndAdministrative": "55000000",
      "researchAndDevelopment": "0",
      "operatingExpenses": "3623000000",
      "investmentIncomeNet": "None",
      "netInterestIncome": "None",
      "interestIncome": "None",
      "interestExpense": "192000000",
      "nonInterestIncome": "None",
      "otherNonOperatingIncome": "-283000000",
      "depreciation": "None",
      "depreciationAndAmortization": "328000000",
      "incomeBeforeTax": "1507000000",
      "incomeTaxExpense": "323000000",
      "interestAndDebtExpense": "None",
      "netIncomeFromContinuingOperations": "1184000000",
      "comprehensiveIncomeNetOfTax": "None",
      "ebit": "1680000000",
      "ebitda": "2008000000",
      "netIncome": "1182000000"
    },
    {
      "fiscalDateEnding": "2016-12-31",
      "reportedCurrency": "USD",
      "grossProfit": "5615000000",
      "totalRevenue": "9409000000",
      "costOfRevenue": "3794000000",
      "costofGoodsAndServicesSold": "3794000000",
      "operatingIncome": "1355000000",
      "sellingGeneralAndAdministrative": "67000000",
      "researchAndDevelopment": "0",
      "operatingExpenses": "4260000000",
      "investmentIncomeNet": "None",
      "netInterestIncome": "None",
      "interestIncome": "None",
      "interestExpense": "248000000",
      "nonInterestIncome": "None",
      "otherNonOperatingIncome": "-592000000",
      "depreciation": "None",
      "depreciationAndAmortization": "464000000",
      "incomeBeforeTax": "515000000",
      "incomeTaxExpense": "-32000000",
      "interestAndDebtExpense": "None",
      "netIncomeFromContinuingOperations": "547000000",
      "comprehensiveIncomeNetOfTax": "None",
      "ebit": "687000000",
      "ebitda": "1151000000",
      "netIncome": "550000000"
    },
    {
      "fiscalDateEnding": "2016-09-30",
      "reportedCurrency": "USD",
      "grossProfit": "6502000000",
      "totalRevenue": "10633000000",
      "costOfRevenue": "4131000000",
      "costofGoodsAndServicesSold": "4131000000",
      "operatingIncome": "2271000000",
      "sellingGeneralAndAdministrative": "72000000",
      "researchAndDevelopment": "0",
      "operatingExpenses": "4231000000",
      "investmentIncomeNet": "None",
      "netInterestIncome": "None",
      "interestIncome": "None",
      "interestExpense": "182000000",
      "nonInterestIncome": "None",
      "otherNonOperatingIncome": "-661000000",
      "depreciation": "None",
      "depreciationAndAmortization": "420000000",
      "incomeBeforeTax": "1428000000",
      "incomeTaxExpense": "378000000",
      "interestAndDebtExpense": "None",
      "netIncomeFromContinuingOperations": "1050000000",
      "comprehensiveIncomeNetOfTax": "None",
      "ebit": "1610000000",
      "ebitda": "2030000000",
      "netIncome": "1046000000"
    },
    {
      "fiscalDateEnding": "2016-06-30",
      "reportedCurrency": "USD",
      "grossProfit": "7068000000",
      "totalRevenue": "11539000000",
      "costOfRevenue": "4471000000",
      "costofGoodsAndServicesSold": "4471000000",
      "operatingIncome": "2859000000",
      "sellingGeneralAndAdministrative": "50000000",
      "researchAndDevelopment": "0",
      "operatingExpenses": "4209000000",
      "investmentIncomeNet": "None",
      "netInterestIncome": "None",
      "interestIncome": "None",
      "interestExpense": "162000000",
      "nonInterestIncome": "None",
      "otherNonOperatingIncome": "1602000000",
      "depreciation": "None",
      "depreciationAndAmortization": "445000000",
      "incomeBeforeTax": "4299000000",
      "incomeTaxExpense": "839000000",
      "interestAndDebtExpense": "None",
      "netIncomeFromContinuingOperations": "3460000000",
      "comprehensiveIncomeNetOfTax": "None",
      "ebit": "4461000000",
      "ebitda": "4906000000",
      "netIncome": "3448000000"
    },
    {
      "fiscalDateEnding": "2016-03-31",
      "reportedCurrency": "USD",
      "grossProfit": "6213000000",
      "totalRevenue": "10282000000",
      "costOfRevenue": "4069000000",
      "costofGoodsAndServicesSold": "4069000000",
      "operatingIncome": "2141000000",
      "sellingGeneralAndAdministrative": "69000000",
      "researchAndDevelopment": "0",
      "operatingExpenses": "4072000000",
      "investmentIncomeNet": "None",
      "netInterestIncome": "None",
      "interestIncome": "None",
      "interestExpense": "141000000",
      "nonInterestIncome": "None",
      "otherNonOperatingIncome": "-106000000",
      "depreciation": "None",
      "depreciationAndAmortization": "458000000",
      "incomeBeforeTax": "1894000000",
      "incomeTaxExpense": "401000000",
      "interestAndDebtExpense": "None",
      "netIncomeFromContinuingOperations": "1493000000",
      "comprehensiveIncomeNetOfTax": "None",
      "ebit": "2035000000",
      "ebitda": "2493000000",
      "netIncome": "1483000000"
    },
    {
      "fiscalDateEnding": "2015-12-31",
      "reportedCurrency": "USD",
      "grossProfit": "5946000000",
      "totalRevenue": "10000000000",
      "costOfRevenue": "4054000000",
      "costofGoodsAndServicesSold": "4054000000",
      "operatingIncome": "1518000000",
      "sellingGeneralAndAdministrative": "65000000",
      "researchAndDevelopment": "0",
      "operatingExpenses": "4428000000",
      "investmentIncomeNet": "None",
      "netInterestIncome": "None",
      "interestIncome": "None",
      "interestExpense": "143000000",
      "nonInterestIncome": "None",
      "otherNonOperatingIncome": "163000000",
      "depreciation": "None",
      "depreciationAndAmortization": "527000000",
      "incomeBeforeTax": "1538000000",
      "incomeTaxExpense": "302000000",
      "interestAndDebtExpense": "None",
      "netIncomeFromContinuingOperations": "1236000000",
      "comprehensiveIncomeNetOfTax": "None",
      "ebit": "1681000000",
      "ebitda": "2208000000",
      "netIncome": "1237000000"
    },
    {
      "fiscalDateEnding": "2015-09-30",
      "reportedCurrency": "USD",
      "grossProfit": "6850000000",
      "totalRevenue": "11427000000",
      "costOfRevenue": "4577000000",
      "costofGoodsAndServicesSold": "4577000000",
      "operatingIncome": "2379000000",
      "sellingGeneralAndAdministrative": "54000000",
      "researchAndDevelopment": "0",
      "operatingExpenses": "4471000000",
      "investmentIncomeNet": "None",
      "netInterestIncome": "None",
      "interestIncome": "None",
      "interestExpense": "138000000",
      "nonInterestIncome": "None",
      "otherNonOperatingIncome": "-516000000",
      "depreciation": "None",
      "depreciationAndAmortization": "482000000",
      "incomeBeforeTax": "1725000000",
      "incomeTaxExpense": "272000000",
      "interestAndDebtExpense": "None",
      "netIncomeFromContinuingOperations": "1453000000",
      "comprehensiveIncomeNetOfTax": "None",
      "ebit": "1863000000",
      "ebitda": "2345000000",
      "netIncome": "1449000000"
    },
    {
      "fiscalDateEnding": "2015-06-30",
      "reportedCurrency": "USD",
      "grossProfit": "7408000000",
      "totalRevenue": "12156000000",
      "costOfRevenue": "4748000000",
      "costofGoodsAndServicesSold": "4748000000",
      "operatingIncome": "2535000000",
      "sellingGeneralAndAdministrative": "57000000",
      "researchAndDevelopment": "0",
      "operatingExpenses": "4873000000",
      "investmentIncomeNet": "None",
      "netInterestIncome": "None",
      "interestIncome": "None",
      "interestExpense": "128000000",
      "nonInterestIncome": "None",
      "otherNonOperatingIncome": "1954000000",
      "depreciation": "None",
      "depreciationAndAmortization": "488000000",
      "incomeBeforeTax": "4361000000",
      "incomeTaxExpense": "1250000000",
      "interestAndDebtExpense": "None",
      "netIncomeFromContinuingOperations": "3111000000",
      "comprehensiveIncomeNetOfTax": "None",
      "ebit": "4489000000",
      "ebitda": "4977000000",
      "netIncome": "3108000000"
    },
    {
      "fiscalDateEnding": "2015-03-31",
      "reportedCurrency": "USD",
      "grossProfit": "6608000000",
      "totalRevenue": "10711000000",
      "costOfRevenue": "4103000000",
      "costofGoodsAndServicesSold": "4103000000",
      "operatingIncome": "2296000000",
      "sellingGeneralAndAdministrative": "60000000",
      "researchAndDevelopment": "0",
      "operatingExpenses": "4312000000",
      "investmentIncomeNet": "None",
      "netInterestIncome": "None",
      "interestIncome": "None",
      "interestExpense": "447000000",
      "nonInterestIncome": "None",
      "otherNonOperatingIncome": "132000000",
      "depreciation": "None",
      "depreciationAndAmortization": "473000000",
      "incomeBeforeTax": "1981000000",
      "incomeTaxExpense": "415000000",
      "interestAndDebtExpense": "None",
      "netIncomeFromContinuingOperations": "1566000000",
      "comprehensiveIncomeNetOfTax": "None",
      "ebit": "2428000000",
      "ebitda": "2901000000",
      "netIncome": "1557000000"
    },
    {
      "fiscalDateEnding": "2014-12-31",
      "reportedCurrency": "USD",
      "grossProfit": "6515000000",
      "totalRevenue": "10872000000",
      "costOfRevenue": "4357000000",
      "costofGoodsAndServicesSold": "4357000000",
      "operatingIncome": "1451000000",
      "sellingGeneralAndAdministrative": "66000000",
      "researchAndDevelopment": "0",
      "operatingExpenses": "5064000000",
      "investmentIncomeNet": "None",
      "netInterestIncome": "None",
      "interestIncome": "None",
      "interestExpense": "139000000",
      "nonInterestIncome": "None",
      "otherNonOperatingIncome": "-236000000",
      "depreciation": "None",
      "depreciationAndAmortization": "499000000",
      "incomeBeforeTax": "1076000000",
      "incomeTaxExpense": "305000000",
      "interestAndDebtExpense": "None",
      "netIncomeFromContinuingOperations": "771000000",
      "comprehensiveIncomeNetOfTax": "None",
      "ebit": "1215000000",
      "ebitda": "1714000000",
      "netIncome": "770000000"
    },
    {
      "fiscalDateEnding": "2014-09-30",
      "reportedCurrency": "USD",
      "grossProfit": "7346000000",
      "totalRevenue": "11976000000",
      "costOfRevenue": "4630000000",
      "costofGoodsAndServicesSold": "4630000000",
      "operatingIncome": "2711000000",
      "sellingGeneralAndAdministrative": "31000000",
      "researchAndDevelopment": "0",
      "operatingExpenses": "4635000000",
      "investmentIncomeNet": "None",
      "netInterestIncome": "None",
      "interestIncome": "None",
      "interestExpense": "113000000",
      "nonInterestIncome": "None",
      "otherNonOperatingIncome": "62000000",
      "depreciation": "None",
      "depreciationAndAmortization": "510000000",
      "incomeBeforeTax": "2660000000",
      "incomeTaxExpense": "538000000",
      "interestAndDebtExpense": "None",
      "netIncomeFromContinuingOperations": "2122000000",
      "comprehensiveIncomeNetOfTax": "None",
      "ebit": "2773000000",
      "ebitda": "3283000000",
      "netIncome": "2114000000"
    },
    {
      "fiscalDateEnding": "2014-06-30",
      "reportedCurrency": "USD",
      "grossProfit": "7755000000",
      "totalRevenue": "12574000000",
      "costOfRevenue": "4819000000",
      "costofGoodsAndServicesSold": "4819000000",
      "operatingIncome": "3170000000",
      "sellingGeneralAndAdministrative": "73000000",
      "researchAndDevelopment": "0",
      "operatingExpenses": "4585000000",
      "investmentIncomeNet": "None",
      "netInterestIncome": "None",
      "interestIncome": "None",
      "interestExpense": "107000000",
      "nonInterestIncome": "None",
      "otherNonOperatingIncome": "321000000",
      "depreciation": "None",
      "depreciationAndAmortization": "494000000",
      "incomeBeforeTax": "3384000000",
      "incomeTaxExpense": "779000000",
      "interestAndDebtExpense": "None",
      "netIncomeFromContinuingOperations": "2605000000",
      "comprehensiveIncomeNetOfTax": "None",
      "ebit": "3491000000",
      "ebitda": "3985000000",
      "netIncome": "2595000000"
    },
    {
      "fiscalDateEnding": "2014-03-31",
      "reportedCurrency": "USD",
      "grossProfit": "6493000000",
      "totalRevenue": "10576000000",
      "costOfRevenue": "4083000000",
      "costofGoodsAndServicesSold": "4083000000",
      "operatingIncome": "2376000000",
      "sellingGeneralAndAdministrative": "39000000",
      "researchAndDevelopment": "0",
      "operatingExpenses": "4117000000",
      "investmentIncomeNet": "None",
      "netInterestIncome": "None",
      "interestIncome": "None",
      "interestExpense": "124000000",
      "nonInterestIncome": "None",
      "otherNonOperatingIncome": "-47000000",
      "depreciation": "None",
      "depreciationAndAmortization": "473000000",
      "incomeBeforeTax": "2205000000",
      "incomeTaxExpense": "579000000",
      "interestAndDebtExpense": "None",
      "netIncomeFromContinuingOperations": "1626000000",
      "comprehensiveIncomeNetOfTax": "None",
      "ebit": "2329000000",
      "ebitda": "2802000000",
      "netIncome": "1619000000"
    },
    {
      "fiscalDateEnding": "2013-12-31",
      "reportedCurrency": "USD",
      "grossProfit": "6725000000",
      "totalRevenue": "11040000000",
      "costOfRevenue": "4315000000",
      "costofGoodsAndServicesSold": "4315000000",
      "operatingIncome": "2105000000",
      "sellingGeneralAndAdministrative": "72000000",
      "researchAndDevelopment": "0",
      "operatingExpenses": "4620000000",
      "investmentIncomeNet": "None",
      "netInterestIncome": "None",
      "interestIncome": "None",
      "interestExpense": "149000000",
      "nonInterestIncome": "None",
      "otherNonOperatingIncome": "272000000",
      "depreciation": "None",
      "depreciationAndAmortization": "533000000",
      "incomeBeforeTax": "2228000000",
      "incomeTaxExpense": "520000000",
      "interestAndDebtExpense": "None",
      "netIncomeFromContinuingOperations": "1708000000",
      "comprehensiveIncomeNetOfTax": "None",
      "ebit": "2377000000",
      "ebitda": "2910000000",
      "netIncome": "1710000000"
    },
    {
      "fiscalDateEnding": "2013-09-30",
      "reportedCurrency": "USD",
      "grossProfit": "7237000000",
      "totalRevenue": "12030000000",
      "costOfRevenue": "4793000000",
      "costofGoodsAndServicesSold": "4793000000",
      "operatingIncome": "2472000000",
      "sellingGeneralAndAdministrative": "63000000",
      "researchAndDevelopment": "0",
      "operatingExpenses": "4765000000",
      "investmentIncomeNet": "None",
      "netInterestIncome": "None",
      "interestIncome": "None",
      "interestExpense": "90000000",
      "nonInterestIncome": "None",
      "otherNonOperatingIncome": "998000000",
      "depreciation": "None",
      "depreciationAndAmortization": "497000000",
      "incomeBeforeTax": "3380000000",
      "incomeTaxExpense": "925000000",
      "interestAndDebtExpense": "None",
      "netIncomeFromContinuingOperations": "2455000000",
      "comprehensiveIncomeNetOfTax": "None",
      "ebit": "3470000000",
      "ebitda": "3967000000",
      "netIncome": "2447000000"
    },
    {
      "fiscalDateEnding": "2013-06-30",
      "reportedCurrency": "USD",
      "grossProfit": "7760000000",
      "totalRevenue": "12749000000",
      "costOfRevenue": "4989000000",
      "costofGoodsAndServicesSold": "4989000000",
      "operatingIncome": "3243000000",
      "sellingGeneralAndAdministrative": "45000000",
      "researchAndDevelopment": "0",
      "operatingExpenses": "4517000000",
      "investmentIncomeNet": "None",
      "netInterestIncome": "None",
      "interestIncome": "None",
      "interestExpense": "122000000",
      "nonInterestIncome": "None",
      "otherNonOperatingIncome": "404000000",
      "depreciation": "None",
      "depreciationAndAmortization": "474000000",
      "incomeBeforeTax": "3525000000",
      "incomeTaxExpense": "831000000",
      "interestAndDebtExpense": "None",
      "netIncomeFromContinuingOperations": "2694000000",
      "comprehensiveIncomeNetOfTax": "None",
      "ebit": "3647000000",
      "ebitda": "4121000000",
      "netIncome": "2676000000"
    },
    {
      "fiscalDateEnding": "2013-03-31",
      "reportedCurrency": "USD",
      "grossProfit": "6711000000",
      "totalRevenue": "11035000000",
      "costOfRevenue": "4324000000",
      "costofGoodsAndServicesSold": "4324000000",
      "operatingIncome": "2408000000",
      "sellingGeneralAndAdministrative": "47000000",
      "researchAndDevelopment": "0",
      "operatingExpenses": "4303000000",
      "investmentIncomeNet": "None",
      "netInterestIncome": "None",
      "interestIncome": "None",
      "interestExpense": "102000000",
      "nonInterestIncome": "None",
      "otherNonOperatingIncome": "38000000",
      "depreciation": "None",
      "depreciationAndAmortization": "473000000",
      "incomeBeforeTax": "2344000000",
      "incomeTaxExpense": "575000000",
      "interestAndDebtExpense": "None",
      "netIncomeFromContinuingOperations": "1769000000",
      "comprehensiveIncomeNetOfTax": "None",
      "ebit": "2446000000",
      "ebitda": "2919000000",
      "netIncome": "1751000000"
    },
    {
      "fiscalDateEnding": "2012-12-31",
      "reportedCurrency": "USD",
      "grossProfit": "6827000000",
      "totalRevenue": "11455000000",
      "costOfRevenue": "4628000000",
      "costofGoodsAndServicesSold": "4628000000",
      "operatingIncome": "2183000000",
      "sellingGeneralAndAdministrative": "3671000000",
      "researchAndDevelopment": "0",
      "operatingExpenses": "4644000000",
      "investmentIncomeNet": "None",
      "netInterestIncome": "None",
      "interestIncome": "None",
      "interestExpense": "95000000",
      "nonInterestIncome": "None",
      "otherNonOperatingIncome": "289000000",
      "depreciation": "None",
      "depreciationAndAmortization": "513000000",
      "incomeBeforeTax": "2377000000",
      "incomeTaxExpense": "487000000",
      "interestAndDebtExpense": "None",
      "netIncomeFromContinuingOperations": "1890000000",
      "comprehensiveIncomeNetOfTax": "None",
      "ebit": "2472000000",
      "ebitda": "2985000000",
      "netIncome": "1866000000"
    },
    {
      "fiscalDateEnding": "2012-09-30",
      "reportedCurrency": "USD",
      "grossProfit": "7487000000",
      "totalRevenue": "12340000000",
      "costOfRevenue": "4853000000",
      "costofGoodsAndServicesSold": "4853000000",
      "operatingIncome": "2793000000",
      "sellingGeneralAndAdministrative": "88000000",
      "researchAndDevelopment": "0",
      "operatingExpenses": "4694000000",
      "investmentIncomeNet": "None",
      "netInterestIncome": "None",
      "interestIncome": "None",
      "interestExpense": "102000000",
      "nonInterestIncome": "None",
      "otherNonOperatingIncome": "393000000",
      "depreciation": "None",
      "depreciationAndAmortization": "514000000",
      "incomeBeforeTax": "3084000000",
      "incomeTaxExpense": "755000000",
      "interestAndDebtExpense": "None",
      "netIncomeFromContinuingOperations": "2329000000",
      "comprehensiveIncomeNetOfTax": "None",
      "ebit": "3186000000",
      "ebitda": "3700000000",
      "netIncome": "2311000000"
    },
    {
      "fiscalDateEnding": "2012-06-30",
      "reportedCurrency": "USD",
      "grossProfit": "7861000000",
      "totalRevenue": "13085000000",
      "costOfRevenue": "5224000000",
      "costofGoodsAndServicesSold": "5224000000",
      "operatingIncome": "3294000000",
      "sellingGeneralAndAdministrative": "89000000",
      "researchAndDevelopment": "0",
      "operatingExpenses": "4567000000",
      "investmentIncomeNet": "None",
      "netInterestIncome": "None",
      "interestIncome": "None",
      "interestExpense": "112000000",
      "nonInterestIncome": "None",
      "otherNonOperatingIncome": "441000000",
      "depreciation": "None",
      "depreciationAndAmortization": "508000000",
      "incomeBeforeTax": "3623000000",
      "incomeTaxExpense": "823000000",
      "interestAndDebtExpense": "None",
      "netIncomeFromContinuingOperations": "2800000000",
      "comprehensiveIncomeNetOfTax": "None",
      "ebit": "3735000000",
      "ebitda": "4243000000",
      "netIncome": "2788000000"
    },
    {
      "fiscalDateEnding": "2012-03-31",
      "reportedCurrency": "USD",
      "grossProfit": "6789000000",
      "totalRevenue": "11137000000",
      "costOfRevenue": "4348000000",
      "costofGoodsAndServicesSold": "4348000000",
      "operatingIncome": "2509000000",
      "sellingGeneralAndAdministrative": "1244000000",
      "researchAndDevelopment": "0",
      "operatingExpenses": "4280000000",
      "investmentIncomeNet": "None",
      "netInterestIncome": "None",
      "interestIncome": "None",
      "interestExpense": "88000000",
      "nonInterestIncome": "None",
      "otherNonOperatingIncome": "304000000",
      "depreciation": "None",
      "depreciationAndAmortization": "447000000",
      "incomeBeforeTax": "2725000000",
      "incomeTaxExpense": "658000000",
      "interestAndDebtExpense": "None",
      "netIncomeFromContinuingOperations": "2067000000",
      "comprehensiveIncomeNetOfTax": "None",
      "ebit": "2813000000",
      "ebitda": "3260000000",
      "netIncome": "2054000000"
    },
    {
      "fiscalDateEnding": "2011-12-31",
      "reportedCurrency": "USD",
      "grossProfit": "6637000000",
      "totalRevenue": "11040000000",
      "costOfRevenue": "4403000000",
      "costofGoodsAndServicesSold": "4403000000",
      "operatingIncome": "1951000000",
      "sellingGeneralAndAdministrative": "4411000000",
      "researchAndDevelopment": "0",
      "operatingExpenses": "4686000000",
      "investmentIncomeNet": "None",
      "netInterestIncome": "None",
      "interestIncome": "None",
      "interestExpense": "104000000",
      "nonInterestIncome": "None",
      "otherNonOperatingIncome": "364000000",
      "depreciation": "None",
      "depreciationAndAmortization": "531000000",
      "incomeBeforeTax": "2211000000",
      "incomeTaxExpense": "537000000",
      "interestAndDebtExpense": "None",
      "netIncomeFromContinuingOperations": "1674000000",
      "comprehensiveIncomeNetOfTax": "None",
      "ebit": "2315000000",
      "ebitda": "2846000000",
      "netIncome": "1654000000"
    },
    {
      "fiscalDateEnding": "2011-09-30",
      "reportedCurrency": "USD",
      "grossProfit": "7373000000",
      "totalRevenue": "12248000000",
      "costOfRevenue": "4875000000",
      "costofGoodsAndServicesSold": "4875000000",
      "operatingIncome": "2750000000",
      "sellingGeneralAndAdministrative": "4527000000",
      "researchAndDevelopment": "0",
      "operatingExpenses": "4623000000",
      "investmentIncomeNet": "None",
      "netInterestIncome": "None",
      "interestIncome": "None",
      "interestExpense": "116000000",
      "nonInterestIncome": "None",
      "otherNonOperatingIncome": "289000000",
      "depreciation": "None",
      "depreciationAndAmortization": "466000000",
      "incomeBeforeTax": "2923000000",
      "incomeTaxExpense": "680000000",
      "interestAndDebtExpense": "None",
      "netIncomeFromContinuingOperations": "2243000000",
      "comprehensiveIncomeNetOfTax": "None",
      "ebit": "3043000000",
      "ebitda": "3509000000",
      "netIncome": "2224000000"
    },
    {
      "fiscalDateEnding": "2011-06-30",
      "reportedCurrency": "USD",
      "grossProfit": "7748000000",
      "totalRevenue": "12737000000",
      "costOfRevenue": "4989000000",
      "costofGoodsAndServicesSold": "4989000000",
      "operatingIncome": "3174000000",
      "sellingGeneralAndAdministrative": "4417000000",
      "researchAndDevelopment": "0",
      "operatingExpenses": "4574000000",
      "investmentIncomeNet": "None",
      "netInterestIncome": "None",
      "interestIncome": "None",
      "interestExpense": "84000000",
      "nonInterestIncome": "None",
      "otherNonOperatingIncome": "704000000",
      "depreciation": "None",
      "depreciationAndAmortization": "471000000",
      "incomeBeforeTax": "3794000000",
      "incomeTaxExpense": "990000000",
      "interestAndDebtExpense": "None",
      "netIncomeFromContinuingOperations": "2804000000",
      "comprehensiveIncomeNetOfTax": "None",
      "ebit": "3883000000",
      "ebitda": "4354000000",
      "netIncome": "2800000000"
    },
    {
      "fiscalDateEnding": "2011-03-31",
      "reportedCurrency": "USD",
      "grossProfit": "6568000000",
      "totalRevenue": "10517000000",
      "costOfRevenue": "3949000000",
      "costofGoodsAndServicesSold": "3949000000",
      "operatingIncome": "2279000000",
      "sellingGeneralAndAdministrative": "1241000000",
      "researchAndDevelopment": "0",
      "operatingExpenses": "4289000000",
      "investmentIncomeNet": "None",
      "netInterestIncome": "None",
      "interestIncome": "None",
      "interestExpense": "113000000",
      "nonInterestIncome": "None",
      "otherNonOperatingIncome": "345000000",
      "depreciation": "None",
      "depreciationAndAmortization": "486000000",
      "incomeBeforeTax": "2511000000",
      "incomeTaxExpense": "598000000",
      "interestAndDebtExpense": "None",
      "netIncomeFromContinuingOperations": "1913000000",
      "comprehensiveIncomeNetOfTax": "None",
      "ebit": "2629000000",
      "ebitda": "3115000000",
      "netIncome": "1903000000"
    },
    {
      "fiscalDateEnding": "2010-12-31",
      "reportedCurrency": "USD",
      "grossProfit": "6215000000",
      "totalRevenue": "10494000000",
      "costOfRevenue": "4279000000",
      "costofGoodsAndServicesSold": "4279000000",
      "operatingIncome": "1159000000",
      "sellingGeneralAndAdministrative": "4511000000",
      "researchAndDevelopment": "0",
      "operatingExpenses": "5056000000",
      "investmentIncomeNet": "None",
      "netInterestIncome": "None",
      "interestIncome": "None",
      "interestExpense": "487000000",
      "nonInterestIncome": "None",
      "otherNonOperatingIncome": "5569000000",
      "depreciation": "None",
      "depreciationAndAmortization": "509000000",
      "incomeBeforeTax": "6241000000",
      "incomeTaxExpense": "457000000",
      "interestAndDebtExpense": "None",
      "netIncomeFromContinuingOperations": "5784000000",
      "comprehensiveIncomeNetOfTax": "None",
      "ebit": "1434000000",
      "ebitda": "1943000000",
      "netIncome": "5771000000"
    },
    {
      "fiscalDateEnding": "2010-09-30",
      "reportedCurrency": "USD",
      "grossProfit": "5508000000",
      "totalRevenue": "8426000000",
      "costOfRevenue": "2918000000",
      "costofGoodsAndServicesSold": "2918000000",
      "operatingIncome": "2344000000",
      "sellingGeneralAndAdministrative": "3064000000",
      "researchAndDevelopment": "0",
      "operatingExpenses": "3164000000",
      "investmentIncomeNet": "None",
      "netInterestIncome": "None",
      "interestIncome": "None",
      "interestExpense": "80000000",
      "nonInterestIncome": "None",
      "otherNonOperatingIncome": "436000000",
      "depreciation": "None",
      "depreciationAndAmortization": "323000000",
      "incomeBeforeTax": "2700000000",
      "incomeTaxExpense": "633000000",
      "interestAndDebtExpense": "None",
      "netIncomeFromContinuingOperations": "2067000000",
      "comprehensiveIncomeNetOfTax": "None",
      "ebit": "2780000000",
      "ebitda": "3103000000",
      "netIncome": "2055000000"
    },
    {
      "fiscalDateEnding": "2010-06-30",
      "reportedCurrency": "USD",
      "grossProfit": "5719000000",
      "totalRevenue": "8674000000",
      "costOfRevenue": "2955000000",
      "costofGoodsAndServicesSold": "2955000000",
      "operatingIncome": "2763000000",
      "sellingGeneralAndAdministrative": "2878000000",
      "researchAndDevelopment": "0",
      "operatingExpenses": "2956000000",
      "investmentIncomeNet": "None",
      "netInterestIncome": "None",
      "interestIncome": "None",
      "interestExpense": "81000000",
      "nonInterestIncome": "None",
      "otherNonOperatingIncome": "441000000",
      "depreciation": "None",
      "depreciationAndAmortization": "316000000",
      "incomeBeforeTax": "3123000000",
      "incomeTaxExpense": "741000000",
      "interestAndDebtExpense": "None",
      "netIncomeFromContinuingOperations": "2382000000",
      "comprehensiveIncomeNetOfTax": "None",
      "ebit": "3204000000",
      "ebitda": "3520000000",
      "netIncome": "2369000000"
    },
    {
      "fiscalDateEnding": "2010-03-31",
      "reportedCurrency": "USD",
      "grossProfit": "4984000000",
      "totalRevenue": "7525000000",
      "costOfRevenue": "2541000000",
      "costofGoodsAndServicesSold": "2541000000",
      "operatingIncome": "2183000000",
      "sellingGeneralAndAdministrative": "2705000000",
      "researchAndDevelopment": "0",
      "operatingExpenses": "2801000000",
      "investmentIncomeNet": "None",
      "netInterestIncome": "None",
      "interestIncome": "None",
      "interestExpense": "85000000",
      "nonInterestIncome": "None",
      "otherNonOperatingIncome": "81000000",
      "depreciation": "None",
      "depreciationAndAmortization": "295000000",
      "incomeBeforeTax": "2179000000",
      "incomeTaxExpense": "553000000",
      "interestAndDebtExpense": "None",
      "netIncomeFromContinuingOperations": "1626000000",
      "comprehensiveIncomeNetOfTax": "None",
      "ebit": "2264000000",
      "ebitda": "2559000000",
      "netIncome": "1614000000"
    },
    {
      "fiscalDateEnding": "2009-12-31",
      "reportedCurrency": "USD",
      "grossProfit": "4859000000",
      "totalRevenue": "7510000000",
      "costOfRevenue": "2651000000",
      "costofGoodsAndServicesSold": "2651000000",
      "operatingIncome": "1780000000",
      "sellingGeneralAndAdministrative": "2978000000",
      "researchAndDevelopment": "0",
      "operatingExpenses": "3079000000",
      "investmentIncomeNet": "None",
      "netInterestIncome": "None",
      "interestIncome": "None",
      "interestExpense": "84000000",
      "nonInterestIncome": "None",
      "otherNonOperatingIncome": "None",
      "depreciation": "None",
      "depreciationAndAmortization": "331000000",
      "incomeBeforeTax": "1960000000",
      "incomeTaxExpense": "382000000",
      "interestAndDebtExpense": "None",
      "netIncomeFromContinuingOperations": "0",
      "comprehensiveIncomeNetOfTax": "None",
      "ebit": "2044000000",
      "ebitda": "2375000000",
      "netIncome": "1543000000"
    },
    {
      "fiscalDateEnding": "2009-09-30",
      "reportedCurrency": "USD",
      "grossProfit": "5110000000",
      "totalRevenue": "8044000000",
      "costOfRevenue": "2934000000",
      "costofGoodsAndServicesSold": "2934000000",
      "operatingIncome": "2150000000",
      "sellingGeneralAndAdministrative": "2912000000",
      "researchAndDevelopment": "0",
      "operatingExpenses": "2960000000",
      "investmentIncomeNet": "None",
      "netInterestIncome": "None",
      "interestIncome": "None",
      "interestExpense": "89000000",
      "nonInterestIncome": "None",
      "otherNonOperatingIncome": "382000000",
      "depreciation": "None",
      "depreciationAndAmortization": "320000000",
      "incomeBeforeTax": "2443000000",
      "incomeTaxExpense": "523000000",
      "interestAndDebtExpense": "None",
      "netIncomeFromContinuingOperations": "1920000000",
      "comprehensiveIncomeNetOfTax": "None",
      "ebit": "2532000000",
      "ebitda": "2852000000",
      "netIncome": "1896000000"
    },
    {
      "fiscalDateEnding": "2009-06-30",
      "reportedCurrency": "USD",
      "grossProfit": "5354000000",
      "totalRevenue": "8267000000",
      "costOfRevenue": "2913000000",
      "costofGoodsAndServicesSold": "2913000000",
      "operatingIncome": "2438000000",
      "sellingGeneralAndAdministrative": "2844000000",
      "researchAndDevelopment": "0",
      "operatingExpenses": "2916000000",
      "investmentIncomeNet": "None",
      "netInterestIncome": "None",
      "interestIncome": "None",
      "interestExpense": "97000000",
      "nonInterestIncome": "None",
      "otherNonOperatingIncome": "387000000",
      "depreciation": "None",
      "depreciationAndAmortization": "302000000",
      "incomeBeforeTax": "2728000000",
      "incomeTaxExpense": "679000000",
      "interestAndDebtExpense": "None",
      "netIncomeFromContinuingOperations": "2049000000",
      "comprehensiveIncomeNetOfTax": "None",
      "ebit": "2825000000",
      "ebitda": "3127000000",
      "netIncome": "2037000000"
    },
    {
      "fiscalDateEnding": "2009-03-31",
      "reportedCurrency": "USD",
      "grossProfit": "4579000000",
      "totalRevenue": "7169000000",
      "costOfRevenue": "2590000000",
      "costofGoodsAndServicesSold": "2590000000",
      "operatingIncome": "1863000000",
      "sellingGeneralAndAdministrative": "2624000000",
      "researchAndDevelopment": "0",
      "operatingExpenses": "2716000000",
      "investmentIncomeNet": "None",
      "netInterestIncome": "None",
      "interestIncome": "None",
      "interestExpense": "85000000",
      "nonInterestIncome": "None",
      "otherNonOperatingIncome": "None",
      "depreciation": "None",
      "depreciationAndAmortization": "283000000",
      "incomeBeforeTax": "1815000000",
      "incomeTaxExpense": "456000000",
      "interestAndDebtExpense": "None",
      "netIncomeFromContinuingOperations": "0",
      "comprehensiveIncomeNetOfTax": "None",
      "ebit": "1900000000",
      "ebitda": "2183000000",
      "netIncome": "1348000000"
    },
    {
      "fiscalDateEnding": "2008-12-31",
      "reportedCurrency": "USD",
      "grossProfit": "4558000000",
      "totalRevenue": "7126000000",
      "costOfRevenue": "2568000000",
      "costofGoodsAndServicesSold": "2568000000",
      "operatingIncome": "1706000000",
      "sellingGeneralAndAdministrative": "2502000000",
      "researchAndDevelopment": "0",
      "operatingExpenses": "2852000000",
      "investmentIncomeNet": "None",
      "netInterestIncome": "None",
      "interestIncome": "None",
      "interestExpense": "121000000",
      "nonInterestIncome": "None",
      "otherNonOperatingIncome": "None",
      "depreciation": "None",
      "depreciationAndAmortization": "285000000",
      "incomeBeforeTax": "1150000000",
      "incomeTaxExpense": "155000000",
      "interestAndDebtExpense": "None",
      "netIncomeFromContinuingOperations": "0",
      "comprehensiveIncomeNetOfTax": "None",
      "ebit": "1137000000",
      "ebitda": "1422000000",
      "netIncome": "995000000"
    },
    {
      "fiscalDateEnding": "2008-09-30",
      "reportedCurrency": "USD",
      "grossProfit": "5373000000",
      "totalRevenue": "8393000000",
      "costOfRevenue": "3020000000",
      "costofGoodsAndServicesSold": "3020000000",
      "operatingIncome": "2187000000",
      "sellingGeneralAndAdministrative": "3139000000",
      "researchAndDevelopment": "0",
      "operatingExpenses": "3186000000",
      "investmentIncomeNet": "None",
      "netInterestIncome": "None",
      "interestIncome": "None",
      "interestExpense": "111000000",
      "nonInterestIncome": "None",
      "otherNonOperatingIncome": "None",
      "depreciation": "None",
      "depreciationAndAmortization": "306000000",
      "incomeBeforeTax": "2445000000",
      "incomeTaxExpense": "555000000",
      "interestAndDebtExpense": "None",
      "netIncomeFromContinuingOperations": "0",
      "comprehensiveIncomeNetOfTax": "None",
      "ebit": "2581000000",
      "ebitda": "2887000000",
      "netIncome": "1890000000"
    },
    {
      "fiscalDateEnding": "2008-06-30",
      "reportedCurrency": "USD",
      "grossProfit": "5884000000",
      "totalRevenue": "9046000000",
      "costOfRevenue": "3162000000",
      "costofGoodsAndServicesSold": "3162000000",
      "operatingIncome": "2679000000",
      "sellingGeneralAndAdministrative": "3095000000",
      "researchAndDevelopment": "0",
      "operatingExpenses": "3205000000",
      "investmentIncomeNet": "None",
      "netInterestIncome": "None",
      "interestIncome": "None",
      "interestExpense": "89000000",
      "nonInterestIncome": "None",
      "otherNonOperatingIncome": "None",
      "depreciation": "None",
      "depreciationAndAmortization": "330000000",
      "incomeBeforeTax": "1896000000",
      "incomeTaxExpense": "474000000",
      "interestAndDebtExpense": "None",
      "netIncomeFromContinuingOperations": "0",
      "comprehensiveIncomeNetOfTax": "None",
      "ebit": "2006000000",
      "ebitda": "2336000000",
      "netIncome": "1422000000"
    },
    {
      "fiscalDateEnding": "2008-03-31",
      "reportedCurrency": "USD",
      "grossProfit": "4755000000",
      "totalRevenue": "7379000000",
      "costOfRevenue": "2624000000",
      "costofGoodsAndServicesSold": "2624000000",
      "operatingIncome": "1874000000",
      "sellingGeneralAndAdministrative": "2796000000",
      "researchAndDevelopment": "0",
      "operatingExpenses": "2881000000",
      "investmentIncomeNet": "None",
      "netInterestIncome": "None",
      "interestIncome": "None",
      "interestExpense": "117000000",
      "nonInterestIncome": "None",
      "otherNonOperatingIncome": "None",
      "depreciation": "None",
      "depreciationAndAmortization": "307000000",
      "incomeBeforeTax": "1948000000",
      "incomeTaxExpense": "448000000",
      "interestAndDebtExpense": "None",
      "netIncomeFromContinuingOperations": "0",
      "comprehensiveIncomeNetOfTax": "None",
      "ebit": "2076000000",
      "ebitda": "2383000000",
      "netIncome": "1500000000"
    },
    {
      "fiscalDateEnding": "2007-12-31",
      "reportedCurrency": "USD",
      "grossProfit": "4690000000",
      "totalRevenue": "7331000000",
      "costOfRevenue": "2641000000",
      "costofGoodsAndServicesSold": "2641000000",
      "operatingIncome": "1526000000",
      "sellingGeneralAndAdministrative": "3293000000",
      "researchAndDevelopment": "0",
      "operatingExpenses": "3164000000",
      "investmentIncomeNet": "None",
      "netInterestIncome": "None",
      "interestIncome": "None",
      "interestExpense": "156000000",
      "nonInterestIncome": "None",
      "otherNonOperatingIncome": "None",
      "depreciation": "None",
      "depreciationAndAmortization": "369000000",
      "incomeBeforeTax": "1623000000",
      "incomeTaxExpense": "409000000",
      "interestAndDebtExpense": "None",
      "netIncomeFromContinuingOperations": "0",
      "comprehensiveIncomeNetOfTax": "None",
      "ebit": "1526000000",
      "ebitda": "1895000000",
      "netIncome": "1214000000"
    },
    {
      "fiscalDateEnding": "2007-09-30",
      "reportedCurrency": "USD",
      "grossProfit": "4806000000",
      "totalRevenue": "7690000000",
      "costOfRevenue": "2884000000",
      "costofGoodsAndServicesSold": "2884000000",
      "operatingIncome": "1829000000",
      "sellingGeneralAndAdministrative": "2896000000",
      "researchAndDevelopment": "0",
      "operatingExpenses": "2977000000",
      "investmentIncomeNet": "None",
      "netInterestIncome": "None",
      "interestIncome": "None",
      "interestExpense": "127000000",
      "nonInterestIncome": "None",
      "otherNonOperatingIncome": "None",
      "depreciation": "None",
      "depreciationAndAmortization": "279000000",
      "incomeBeforeTax": "2113000000",
      "incomeTaxExpense": "459000000",
      "interestAndDebtExpense": "None",
      "netIncomeFromContinuingOperations": "0",
      "comprehensiveIncomeNetOfTax": "None",
      "ebit": "1550000000",
      "ebitda": "1829000000",
      "netIncome": "1654000000"
    },
    {
      "fiscalDateEnding": "2007-06-30",
      "reportedCurrency": "USD",
      "grossProfit": "4997000000",
      "totalRevenue": "7733000000",
      "costOfRevenue": "2736000000",
      "costofGoodsAndServicesSold": "2736000000",
      "operatingIncome": "2270000000",
      "sellingGeneralAndAdministrative": "2685000000",
      "researchAndDevelopment": "0",
      "operatingExpenses": "2727000000",
      "investmentIncomeNet": "None",
      "netInterestIncome": "None",
      "interestIncome": "None",
      "interestExpense": "102000000",
      "nonInterestIncome": "None",
      "otherNonOperatingIncome": "None",
      "depreciation": "None",
      "depreciationAndAmortization": "274000000",
      "incomeBeforeTax": "2408000000",
      "incomeTaxExpense": "557000000",
      "interestAndDebtExpense": "None",
      "netIncomeFromContinuingOperations": "0",
      "comprehensiveIncomeNetOfTax": "None",
      "ebit": "1996000000",
      "ebitda": "2270000000",
      "netIncome": "1851000000"
    },
    {
      "fiscalDateEnding": "2007-03-31",
      "reportedCurrency": "USD",
      "grossProfit": "3958000000",
      "totalRevenue": "6103000000",
      "costOfRevenue": "2145000000",
      "costofGoodsAndServicesSold": "2145000000",
      "operatingIncome": "1627000000",
      "sellingGeneralAndAdministrative": "2325000000",
      "researchAndDevelopment": "0",
      "operatingExpenses": "2331000000",
      "investmentIncomeNet": "None",
      "netInterestIncome": "None",
      "interestIncome": "None",
      "interestExpense": "71000000",
      "nonInterestIncome": "None",
      "otherNonOperatingIncome": "None",
      "depreciation": "None",
      "depreciationAndAmortization": "241000000",
      "incomeBeforeTax": "1729000000",
      "incomeTaxExpense": "467000000",
      "interestAndDebtExpense": "None",
      "netIncomeFromContinuingOperations": "0",
      "comprehensiveIncomeNetOfTax": "None",
      "ebit": "1386000000",
      "ebitda": "1627000000",
      "netIncome": "1262000000"
    },
    {
      "fiscalDateEnding": "2006-12-31",
      "reportedCurrency": "USD",
      "grossProfit": "3869000000",
      "totalRevenue": "5932000000",
      "costOfRevenue": "2063000000",
      "costofGoodsAndServicesSold": "2063000000",
      "operatingIncome": "1212000000",
      "sellingGeneralAndAdministrative": "2657000000",
      "researchAndDevelopment": "0",
      "operatingExpenses": "2657000000",
      "investmentIncomeNet": "None",
      "netInterestIncome": "None",
      "interestIncome": "None",
      "interestExpense": "47000000",
      "nonInterestIncome": "None",
      "otherNonOperatingIncome": "None",
      "depreciation": "None",
      "depreciationAndAmortization": "272000000",
      "incomeBeforeTax": "886000000",
      "incomeTaxExpense": "208000000",
      "interestAndDebtExpense": "None",
      "netIncomeFromContinuingOperations": "0",
      "comprehensiveIncomeNetOfTax": "None",
      "ebit": "1212000000",
      "ebitda": "1484000000",
      "netIncome": "678000000"
    },
    {
      "fiscalDateEnding": "2006-09-30",
      "reportedCurrency": "USD",
      "grossProfit": "4189000000",
      "totalRevenue": "6454000000",
      "costOfRevenue": "2265000000",
      "costofGoodsAndServicesSold": "2265000000",
      "operatingIncome": "1662000000",
      "sellingGeneralAndAdministrative": "2488000000",
      "researchAndDevelopment": "0",
      "operatingExpenses": "2527000000",
      "investmentIncomeNet": "None",
      "netInterestIncome": "None",
      "interestIncome": "None",
      "interestExpense": "47000000",
      "nonInterestIncome": "None",
      "otherNonOperatingIncome": "None",
      "depreciation": "None",
      "depreciationAndAmortization": "233000000",
      "incomeBeforeTax": "1826000000",
      "incomeTaxExpense": "366000000",
      "interestAndDebtExpense": "None",
      "netIncomeFromContinuingOperations": "0",
      "comprehensiveIncomeNetOfTax": "None",
      "ebit": "1429000000",
      "ebitda": "1662000000",
      "netIncome": "1460000000"
    },
    {
      "fiscalDateEnding": "2006-06-30",
      "reportedCurrency": "USD",
      "grossProfit": "4366000000",
      "totalRevenue": "6476000000",
      "costOfRevenue": "2110000000",
      "costofGoodsAndServicesSold": "2110000000",
      "operatingIncome": "2039000000",
      "sellingGeneralAndAdministrative": "2327000000",
      "researchAndDevelopment": "0",
      "operatingExpenses": "2327000000",
      "investmentIncomeNet": "None",
      "netInterestIncome": "None",
      "interestIncome": "None",
      "interestExpense": "63000000",
      "nonInterestIncome": "None",
      "otherNonOperatingIncome": "None",
      "depreciation": "None",
      "depreciationAndAmortization": "224000000",
      "incomeBeforeTax": "2391000000",
      "incomeTaxExpense": "555000000",
      "interestAndDebtExpense": "None",
      "netIncomeFromContinuingOperations": "0",
      "comprehensiveIncomeNetOfTax": "None",
      "ebit": "1815000000",
      "ebitda": "2039000000",
      "netIncome": "1836000000"
    },
    {
      "fiscalDateEnding": "2006-03-31",
      "reportedCurrency": "USD",
      "grossProfit": "3455000000",
      "totalRevenue": "5226000000",
      "costOfRevenue": "1771000000",
      "costofGoodsAndServicesSold": "1771000000",
      "operatingIncome": "1395000000",
      "sellingGeneralAndAdministrative": "2060000000",
      "researchAndDevelopment": "0",
      "operatingExpenses": "2105000000",
      "investmentIncomeNet": "None",
      "netInterestIncome": "None",
      "interestIncome": "None",
      "interestExpense": "63000000",
      "nonInterestIncome": "None",
      "otherNonOperatingIncome": "None",
      "depreciation": "None",
      "depreciationAndAmortization": "209000000",
      "incomeBeforeTax": "1475000000",
      "incomeTaxExpense": "369000000",
      "interestAndDebtExpense": "None",
      "netIncomeFromContinuingOperations": "0",
      "comprehensiveIncomeNetOfTax": "None",
      "ebit": "1350000000",
      "ebitda": "1559000000",
      "netIncome": "1106000000"
    },
    {
      "fiscalDateEnding": "2005-12-31",
      "reportedCurrency": "USD",
      "grossProfit": "3555000000",
      "totalRevenue": "5551000000",
      "costOfRevenue": "1996000000",
      "costofGoodsAndServicesSold": "1996000000",
      "operatingIncome": "1262000000",
      "sellingGeneralAndAdministrative": "2293000000",
      "researchAndDevelopment": "0",
      "operatingExpenses": "2293000000",
      "investmentIncomeNet": "None",
      "netInterestIncome": "None",
      "interestIncome": "None",
      "interestExpense": "61000000",
      "nonInterestIncome": "None",
      "otherNonOperatingIncome": "None",
      "depreciation": "None",
      "depreciationAndAmortization": "256000000",
      "incomeBeforeTax": "1373000000",
      "incomeTaxExpense": "509000000",
      "interestAndDebtExpense": "None",
      "netIncomeFromContinuingOperations": "0",
      "comprehensiveIncomeNetOfTax": "None",
      "ebit": "1262000000",
      "ebitda": "1518000000",
      "netIncome": "864000000"
    },
    {
      "fiscalDateEnding": "2005-09-30",
      "reportedCurrency": "USD",
      "grossProfit": "3802000000",
      "totalRevenue": "6037000000",
      "costOfRevenue": "2235000000",
      "costofGoodsAndServicesSold": "2235000000",
      "operatingIncome": "1492000000",
      "sellingGeneralAndAdministrative": "2310000000",
      "researchAndDevelopment": "0",
      "operatingExpenses": "2310000000",
      "investmentIncomeNet": "None",
      "netInterestIncome": "None",
      "interestIncome": "None",
      "interestExpense": "49000000",
      "nonInterestIncome": "None",
      "otherNonOperatingIncome": "None",
      "depreciation": "None",
      "depreciationAndAmortization": "227000000",
      "incomeBeforeTax": "1653000000",
      "incomeTaxExpense": "370000000",
      "interestAndDebtExpense": "None",
      "netIncomeFromContinuingOperations": "0",
      "comprehensiveIncomeNetOfTax": "None",
      "ebit": "1265000000",
      "ebitda": "1492000000",
      "netIncome": "1283000000"
    },
    {
      "fiscalDateEnding": "2005-06-30",
      "reportedCurrency": "USD",
      "grossProfit": "4164000000",
      "totalRevenue": "6310000000",
      "costOfRevenue": "2146000000",
      "costofGoodsAndServicesSold": "2146000000",
      "operatingIncome": "1972000000",
      "sellingGeneralAndAdministrative": "2192000000",
      "researchAndDevelopment": "0",
      "operatingExpenses": "2192000000",
      "investmentIncomeNet": "None",
      "netInterestIncome": "None",
      "interestIncome": "None",
      "interestExpense": "62000000",
      "nonInterestIncome": "None",
      "otherNonOperatingIncome": "None",
      "depreciation": "None",
      "depreciationAndAmortization": "223000000",
      "incomeBeforeTax": "2216000000",
      "incomeTaxExpense": "493000000",
      "interestAndDebtExpense": "None",
      "netIncomeFromContinuingOperations": "0",
      "comprehensiveIncomeNetOfTax": "None",
      "ebit": "1749000000",
      "ebitda": "1972000000",
      "netIncome": "1723000000"
    },
    {
      "fiscalDateEnding": "2005-03-31",
      "reportedCurrency": "USD",
      "grossProfit": "3457000000",
      "totalRevenue": "5266000000",
      "costOfRevenue": "1809000000",
      "costofGoodsAndServicesSold": "1809000000",
      "operatingIncome": "1359000000",
      "sellingGeneralAndAdministrative": "2098000000",
      "researchAndDevelopment": "0",
      "operatingExpenses": "2098000000",
      "investmentIncomeNet": "None",
      "netInterestIncome": "None",
      "interestIncome": "None",
      "interestExpense": "68000000",
      "nonInterestIncome": "None",
      "otherNonOperatingIncome": "None",
      "depreciation": "None",
      "depreciationAndAmortization": "226000000",
      "incomeBeforeTax": "1448000000",
      "incomeTaxExpense": "446000000",
      "interestAndDebtExpense": "None",
      "netIncomeFromContinuingOperations": "0",
      "comprehensiveIncomeNetOfTax": "None",
      "ebit": "1359000000",
      "ebitda": "1585000000",
      "netIncome": "1002000000"
    }
  ]
}