{
  "symbol": "PYPL",
  "annualReports": [
    {
      "fiscalDateEnding": "2024-12-31",
      "reportedCurrency": "USD",
      "grossProfit": "14658000000",
      "totalRevenue": "31797000000",
      "costOfRevenue": "17139000000",
      "costofGoodsAndServicesSold": "17139000000",
      "operatingIncome": "5325000000",
      "sellingGeneralAndAdministrative": "2147000000",
      "researchAndDevelopment": "2979000000",
      "operatingExpenses": "9333000000",
      "investmentIncomeNet": "None",
      "netInterestIncome": "280000000",
      "interestIncome": "662000000",
      "interestExpense": "382000000",
      "nonInterestIncome": "None",
      "otherNonOperatingIncome": "None",
      "depreciation": "None",
      "depreciationAndAmortization": "1032000000",
      "incomeBeforeTax": "5329000000",
      "incomeTaxExpense": "1182000000",
      "interestAndDebtExpense": "None",
      "netIncomeFromContinuingOperations": "4147000000",
      "comprehensiveIncomeNetOfTax": "None",
      "ebit": "5711000000",
      "ebitda": "6743000000",
      "netIncome": "4147000000"
    },
    {
      "fiscalDateEnding": "2023-12-31",
      "reportedCurrency": "USD",
      "grossProfit": "13704000000",
      "totalRevenue": "29771000000",
      "costOfRevenue": "16067000000",
      "costofGoodsAndServicesSold": "16067000000",
      "operatingIncome": "5028000000",
      "sellingGeneralAndAdministrative": "2059000000",
      "researchAndDevelopment": "2973000000",
      "operatingExpenses": "8676000000",
      "investmentIncomeNet": "None",
      "netInterestIncome": "133000000",
      "interestIncome": "480000000",
      "interestExpense": "347000000",
      "nonInterestIncome": "None",
      "otherNonOperatingIncome": "None",
      "depreciation": "None",
      "depreciationAndAmortization": "1072000000",
      "incomeBeforeTax": "5411000000",
      "incomeTaxExpense": "1165000000",
      "interestAndDebtExpense": "None",
      "netIncomeFromContinuingOperations": "4246000000",
      "comprehensiveIncomeNetOfTax": "None",
      "ebit": "5758000000",
      "ebitda": "6830000000",
      "netIncome": "4246000000"
    },
    {
      "fiscalDateEnding": "2022-12-31",
      "reportedCurrency": "USD",
      "grossProfit": "13773000000",
      "totalRevenue": "27518000000",
      "costOfRevenue": "13745000000",
      "costofGoodsAndServicesSold": "13745000000",
      "operatingIncome": "3837000000",
      "sellingGeneralAndAdministrative": "2099000000",
      "researchAndDevelopment": "3253000000",
      "operatingExpenses": "9729000000",
      "investmentIncomeNet": "None",
      "netInterestIncome": "-130000000",
      "interestIncome": "174000000",
      "interestExpense": "304000000",
      "nonInterestIncome": "None",
      "otherNonOperatingIncome": "-471000000",
      "depreciation": "None",
      "depreciationAndAmortization": "1317000000",
      "incomeBeforeTax": "3366000000",
      "incomeTaxExpense": "947000000",
      "interestAndDebtExpense": "None",
      "netIncomeFromContinuingOperations": "2419000000",
      "comprehensiveIncomeNetOfTax": "None",
      "ebit": "3670000000",
      "ebitda": "4987000000",
      "netIncome": "2419000000"
    },
    {
      "fiscalDateEnding": "2021-12-31",
      "reportedCurrency": "USD",
      "grossProfit": "13996000000",
      "totalRevenue": "25371000000",
      "costOfRevenue": "11375000000",
      "costofGoodsAndServicesSold": "11375000000",
      "operatingIncome": "4262000000",
      "sellingGeneralAndAdministrative": "2114000000",
      "researchAndDevelopment": "3038000000",
      "operatingExpenses": "9672000000",
      "investmentIncomeNet": "None",
      "netInterestIncome": "-175000000",
      "interestIncome": "57000000",
      "interestExpense": "232000000",
      "nonInterestIncome": "None",
      "otherNonOperatingIncome": "-163000000",
      "depreciation": "None",
      "depreciationAndAmortization": "1265000000",
      "incomeBeforeTax": "4099000000",
      "incomeTaxExpense": "-70000000",
      "interestAndDebtExpense": "None",
      "netIncomeFromContinuingOperations": "4169000000",
      "comprehensiveIncomeNetOfTax": "None",
      "ebit": "4331000000",
      "ebitda": "5596000000",
      "netIncome": "4169000000"
    },
    {
      "fiscalDateEnding": "2020-12-31",
      "reportedCurrency": "USD",
      "grossProfit": "11779000000",
      "totalRevenue": "21454000000",
      "costOfRevenue": "9675000000",
      "costofGoodsAndServicesSold": "9675000000",
      "operatingIncome": "3289000000",
      "sellingGeneralAndAdministrative": "2070000000",
      "researchAndDevelopment": "2642000000",
      "operatingExpenses": "8351000000",
      "investmentIncomeNet": "None",
      "netInterestIncome": "-121000000",
      "interestIncome": "88000000",
      "interestExpense": "209000000",
      "nonInterestIncome": "None",
      "otherNonOperatingIncome": "1776000000",
      "depreciation": "None",
      "depreciationAndAmortization": "1189000000",
      "incomeBeforeTax": "5065000000",
      "incomeTaxExpense": "863000000",
      "interestAndDebtExpense": "None",
      "netIncomeFromContinuingOperations": "4202000000",
      "comprehensiveIncomeNetOfTax": "None",
      "ebit": "5274000000",
      "ebitda": "6463000000",
      "netIncome": "4202000000"
    },
    {
      "fiscalDateEnding": "2019-12-31",
      "reportedCurrency": "USD",
      "grossProfit": "9602000000",
      "totalRevenue": "17772000000",
      "costOfRevenue": "8170000000",
      "costofGoodsAndServicesSold": "8170000000",
      "operatingIncome": "2719000000",
      "sellingGeneralAndAdministrative": "1711000000",
      "researchAndDevelopment": "2085000000",
      "operatingExpenses": "6812000000",
      "investmentIncomeNet": "None",
      "netInterestIncome": "82000000",
      "interestIncome": "197000000",
      "interestExpense": "115000000",
      "nonInterestIncome": "None",
      "otherNonOperatingIncome": "279000000",
      "depreciation": "None",
      "depreciationAndAmortization": "614000000",
      "incomeBeforeTax": "2998000000",
      "incomeTaxExpense": "539000000",
      "interestAndDebtExpense": "None",
      "netIncomeFromContinuingOperations": "2459000000",
      "comprehensiveIncomeNetOfTax": "None",
      "ebit": "3113000000",
      "ebitda": "3727000000",
      "netIncome": "2459000000"
    },
    {
      "fiscalDateEnding": "2018-12-31",
      "reportedCurrency": "USD",
      "grossProfit": "8596000000",
      "totalRevenue": "15451000000",
      "costOfRevenue": "6855000000",
      "costofGoodsAndServicesSold": "6855000000",
      "operatingIncome": "2194000000",
      "sellingGeneralAndAdministrative": "1451000000",
      "researchAndDevelopment": "1071000000",
      "operatingExpenses": "6093000000",
      "investmentIncomeNet": "None",
      "netInterestIncome": "91000000",
      "interestIncome": "168000000",
      "interestExpense": "77000000",
      "nonInterestIncome": "None",
      "otherNonOperatingIncome": "182000000",
      "depreciation": "None",
      "depreciationAndAmortization": "514000000",
      "incomeBeforeTax": "2376000000",
      "incomeTaxExpense": "319000000",
      "interestAndDebtExpense": "None",
      "netIncomeFromContinuingOperations": "2057000000",
      "comprehensiveIncomeNetOfTax": "None",
      "ebit": "2453000000",
      "ebitda": "2967000000",
      "netIncome": "2057000000"
    },
    {
      "fiscalDateEnding": "2017-12-31",
      "reportedCurrency": "USD",
      "grossProfit": "7664000000",
      "totalRevenue": "13094000000",
      "costOfRevenue": "5430000000",
      "costofGoodsAndServicesSold": "5430000000",
      "operatingIncome": "2127000000",
      "sellingGeneralAndAdministrative": "1155000000",
      "researchAndDevelopment": "953000000",
      "operatingExpenses": "5405000000",
      "investmentIncomeNet": "None",
      "netInterestIncome": "None",
      "interestIncome": "24000000",
      "interestExpense": "0",
      "nonInterestIncome": "None",
      "otherNonOperatingIncome": "73000000",
      "depreciation": "None",
      "depreciationAndAmortization": "543000000",
      "incomeBeforeTax": "2200000000",
      "incomeTaxExpense": "405000000",
      "interestAndDebtExpense": "None",
      "netIncomeFromContinuingOperations": "1795000000",
      "comprehensiveIncomeNetOfTax": "None",
      "ebit": "2200000000",
      "ebitda": "2743000000",
      "netIncome": "1795000000"
    },
    {
      "fiscalDateEnding": "2016-12-31",
      "reportedCurrency": "USD",
      "grossProfit": "6408000000",
      "totalRevenue": "10842000000",
      "costOfRevenue": "4434000000",
      "costofGoodsAndServicesSold": "4434000000",
      "operatingIncome": "1586000000",
      "sellingGeneralAndAdministrative": "1028000000",
      "researchAndDevelopment": "834000000",
      "operatingExpenses": "4822000000",
      "investmentIncomeNet": "None",
      "netInterestIncome": "None",
      "interestIncome": "132000000",
      "interestExpense": "0",
      "nonInterestIncome": "None",
      "otherNonOperatingIncome": "45000000",
      "depreciation": "None",
      "depreciationAndAmortization": "724000000",
      "incomeBeforeTax": "1631000000",
      "incomeTaxExpense": "230000000",
      "interestAndDebtExpense": "None",
      "netIncomeFromContinuingOperations": "1401000000",
      "comprehensiveIncomeNetOfTax": "None",
      "ebit": "1586000000",
      "ebitda": "2310000000",
      "netIncome": "1401000000"
    },
    {
      "fiscalDateEnding": "2015-12-31",
      "reportedCurrency": "USD",
      "grossProfit": "5829000000",
      "totalRevenue": "9248000000",
      "costOfRevenue": "3419000000",
      "costofGoodsAndServicesSold": "3419000000",
      "operatingIncome": "1461000000",
      "sellingGeneralAndAdministrative": "560000000",
      "researchAndDevelopment": "947000000",
      "operatingExpenses": "4320000000",
      "investmentIncomeNet": "None",
      "netInterestIncome": "None",
      "interestIncome": "17000000",
      "interestExpense": "0",
      "nonInterestIncome": "None",
      "otherNonOperatingIncome": "27000000",
      "depreciation": "None",
      "depreciationAndAmortization": "608000000",
      "incomeBeforeTax": "1488000000",
      "incomeTaxExpense": "260000000",
      "interestAndDebtExpense": "None",
      "netIncomeFromContinuingOperations": "1228000000",
      "comprehensiveIncomeNetOfTax": "None",
      "ebit": "1509000000",
      "ebitda": "2117000000",
      "netIncome": "1228000000"
    },
    {
      "fiscalDateEnding": "2014-12-31",
      "reportedCurrency": "USD",
      "grossProfit": "5209000000",
      "totalRevenue": "8025000000",
      "costOfRevenue": "2816000000",
      "costofGoodsAndServicesSold": "2816000000",
      "operatingIncome": "1268000000",
      "sellingGeneralAndAdministrative": "482000000",
      "researchAndDevelopment": "890000000",
      "operatingExpenses": "3941000000",
      "investmentIncomeNet": "None",
      "netInterestIncome": "None",
      "interestIncome": "None",
      "interestExpense": "0",
      "nonInterestIncome": "None",
      "otherNonOperatingIncome": "None",
      "depreciation": "None",
      "depreciationAndAmortization": "516000000",
      "incomeBeforeTax": "1261000000",
      "incomeTaxExpense": "842000000",
      "interestAndDebtExpense": "None",
      "netIncomeFromContinuingOperations": "419000000",
      "comprehensiveIncomeNetOfTax": "None",
      "ebit": "1268000000",
      "ebitda": "1784000000",
      "netIncome": "419000000"
    },
    {
      "fiscalDateEnding": "2013-12-31",
      "reportedCurrency": "USD",
      "grossProfit": "4390000000",
      "totalRevenue": "6727000000",
      "costOfRevenue": "2337000000",
      "costofGoodsAndServicesSold": "2337000000",
      "operatingIncome": "1091000000",
      "sellingGeneralAndAdministrative": "378000000",
      "researchAndDevelopment": "727000000",
      "operatingExpenses": "3299000000",
      "investmentIncomeNet": "None",
      "netInterestIncome": "None",
      "interestIncome": "None",
      "interestExpense": "0",
      "nonInterestIncome": "None",
      "otherNonOperatingIncome": "None",
      "depreciation": "None",
      "depreciationAndAmortization": "453000000",
      "incomeBeforeTax": "1084000000",
      "incomeTaxExpense": "129000000",
      "interestAndDebtExpense": "None",
      "netIncomeFromContinuingOperations": "None",
      "comprehensiveIncomeNetOfTax": "None",
      "ebit": "1091000000",
      "ebitda": "1544000000",
      "netIncome": "955000000"
    },
    {
      "fiscalDateEnding": "2012-12-31",
      "reportedCurrency": "USD",
      "grossProfit": "3779000000",
      "totalRevenue": "5662000000",
      "costOfRevenue": "1883000000",
      "costofGoodsAndServicesSold": "1883000000",
      "operatingIncome": "880000000",
      "sellingGeneralAndAdministrative": "345000000",
      "researchAndDevelopment": "677000000",
      "operatingExpenses": "2880000000",
      "investmentIncomeNet": "None",
      "netInterestIncome": "None",
      "interestIncome": "None",
      "interestExpense": "0",
      "nonInterestIncome": "None",
      "otherNonOperatingIncome": "None",
      "depreciation": "None",
      "depreciationAndAmortization": "382000000",
      "incomeBeforeTax": "891000000",
      "incomeTaxExpense": "113000000",
      "interestAndDebtExpense": "None",
      "netIncomeFromContinuingOperations": "None",
      "comprehensiveIncomeNetOfTax": "None",
      "ebit": "891000000",
      "ebitda": "1273000000",
      "netIncome": "778000000"
    }
  ],
  "quarterlyReports": [
    {
      "fiscalDateEnding": "2025-03-31",
      "reportedCurrency": "USD",
      "grossProfit": "3716000000",
      "totalRevenue": "7791000000",
      "costOfRevenue": "4075000000",
      "costofGoodsAndServicesSold": "4075000000",
      "operatingIncome": "1530000000",
      "sellingGeneralAndAdministrative": "503000000",
      "researchAndDevelopment": "731000000",
      "operatingExpenses": "2186000000",
      "investmentIncomeNet": "None",
      "netInterestIncome": "42000000",
      "interestIncome": "145000000",
      "interestExpense": "103000000",
      "nonInterestIncome": "None",
      "otherNonOperatingIncome": "None",
      "depreciation": "None",
      "depreciationAndAmortization": "None",
      "incomeBeforeTax": "1603000000",
      "incomeTaxExpense": "316000000",
      "interestAndDebtExpense": "None",
      "netIncomeFromContinuingOperations": "1287000000",
      "comprehensiveIncomeNetOfTax": "None",
      "ebit": "None",
      "ebitda": "1951000000",
      "netIncome": "1287000000"
    },
    {
      "fiscalDateEnding": "2024-12-31",
      "reportedCurrency": "USD",
      "grossProfit": "3935000000",
      "totalRevenue": "8366000000",
      "costOfRevenue": "4431000000",
      "costofGoodsAndServicesSold": "4431000000",
      "operatingIncome": "1441000000",
      "sellingGeneralAndAdministrative": "594000000",
      "researchAndDevelopment": "773000000",
      "operatingExpenses": "2494000000",
      "investmentIncomeNet": "None",
      "netInterestIncome": "51000000",
      "interestIncome": "148000000",
      "interestExpense": "97000000",
      "nonInterestIncome": "None",
      "otherNonOperatingIncome": "None",
      "depreciation": "None",
      "depreciationAndAmortization": "249000000",
      "incomeBeforeTax": "1410000000",
      "incomeTaxExpense": "289000000",
      "interestAndDebtExpense": "None",
      "netIncomeFromContinuingOperations": "1121000000",
      "comprehensiveIncomeNetOfTax": "None",
      "ebit": "1507000000",
      "ebitda": "1756000000",
      "netIncome": "1121000000"
    },
    {
      "fiscalDateEnding": "2024-09-30",
      "reportedCurrency": "USD",
      "grossProfit": "3654000000",
      "totalRevenue": "7847000000",
      "costOfRevenue": "4193000000",
      "costofGoodsAndServicesSold": "4193000000",
      "operatingIncome": "1391000000",
      "sellingGeneralAndAdministrative": "519000000",
      "researchAndDevelopment": "746000000",
      "operatingExpenses": "2263000000",
      "investmentIncomeNet": "None",
      "netInterestIncome": "77000000",
      "interestIncome": "183000000",
      "interestExpense": "106000000",
      "nonInterestIncome": "None",
      "otherNonOperatingIncome": "None",
      "depreciation": "None",
      "depreciationAndAmortization": "255000000",
      "incomeBeforeTax": "1311000000",
      "incomeTaxExpense": "301000000",
      "interestAndDebtExpense": "None",
      "netIncomeFromContinuingOperations": "1010000000",
      "comprehensiveIncomeNetOfTax": "None",
      "ebit": "1417000000",
      "ebitda": "1672000000",
      "netIncome": "1010000000"
    },
    {
      "fiscalDateEnding": "2024-06-30",
      "reportedCurrency": "USD",
      "grossProfit": "3149000000",
      "totalRevenue": "7862000000",
      "costOfRevenue": "4713000000",
      "costofGoodsAndServicesSold": "4713000000",
      "operatingIncome": "1415000000",
      "sellingGeneralAndAdministrative": "570000000",
      "researchAndDevelopment": "718000000",
      "operatingExpenses": "1734000000",
      "investmentIncomeNet": "None",
      "netInterestIncome": "72000000",
      "interestIncome": "165000000",
      "interestExpense": "93000000",
      "nonInterestIncome": "None",
      "otherNonOperatingIncome": "None",
      "depreciation": "None",
      "depreciationAndAmortization": "263000000",
      "incomeBeforeTax": "1399000000",
      "incomeTaxExpense": "271000000",
      "interestAndDebtExpense": "None",
      "netIncomeFromContinuingOperations": "1128000000",
      "comprehensiveIncomeNetOfTax": "None",
      "ebit": "1408000000",
      "ebitda": "1671000000",
      "netIncome": "1128000000"
    },
    {
      "fiscalDateEnding": "2024-03-31",
      "reportedCurrency": "USD",
      "grossProfit": "3007000000",
      "totalRevenue": "7699000000",
      "costOfRevenue": "4692000000",
      "costofGoodsAndServicesSold": "4692000000",
      "operatingIncome": "1380000000",
      "sellingGeneralAndAdministrative": "464000000",
      "researchAndDevelopment": "742000000",
      "operatingExpenses": "1627000000",
      "investmentIncomeNet": "None",
      "netInterestIncome": "80000000",
      "interestIncome": "166000000",
      "interestExpense": "86000000",
      "nonInterestIncome": "None",
      "otherNonOperatingIncome": "None",
      "depreciation": "None",
      "depreciationAndAmortization": "265000000",
      "incomeBeforeTax": "1209000000",
      "incomeTaxExpense": "321000000",
      "interestAndDebtExpense": "None",
      "netIncomeFromContinuingOperations": "888000000",
      "comprehensiveIncomeNetOfTax": "None",
      "ebit": "1295000000",
      "ebitda": "1560000000",
      "netIncome": "888000000"
    },
    {
      "fiscalDateEnding": "2023-12-31",
      "reportedCurrency": "USD",
      "grossProfit": "3672000000",
      "totalRevenue": "8026000000",
      "costOfRevenue": "4354000000",
      "costofGoodsAndServicesSold": "4354000000",
      "operatingIncome": "1728000000",
      "sellingGeneralAndAdministrative": "554000000",
      "researchAndDevelopment": "770000000",
      "operatingExpenses": "2255000000",
      "investmentIncomeNet": "None",
      "netInterestIncome": "45000000",
      "interestIncome": "132000000",
      "interestExpense": "87000000",
      "nonInterestIncome": "None",
      "otherNonOperatingIncome": "None",
      "depreciation": "None",
      "depreciationAndAmortization": "263000000",
      "incomeBeforeTax": "1793000000",
      "incomeTaxExpense": "391000000",
      "interestAndDebtExpense": "None",
      "netIncomeFromContinuingOperations": "1402000000",
      "comprehensiveIncomeNetOfTax": "None",
      "ebit": "1382000000",
      "ebitda": "1645000000",
      "netIncome": "1402000000"
    },
    {
      "fiscalDateEnding": "2023-09-30",
      "reportedCurrency": "USD",
      "grossProfit": "3369000000",
      "totalRevenue": "7418000000",
      "costOfRevenue": "4049000000",
      "costofGoodsAndServicesSold": "4049000000",
      "operatingIncome": "1168000000",
      "sellingGeneralAndAdministrative": "507000000",
      "researchAndDevelopment": "739000000",
      "operatingExpenses": "2162000000",
      "investmentIncomeNet": "None",
      "netInterestIncome": "38000000",
      "interestIncome": "124000000",
      "interestExpense": "86000000",
      "nonInterestIncome": "None",
      "otherNonOperatingIncome": "None",
      "depreciation": "None",
      "depreciationAndAmortization": "270000000",
      "incomeBeforeTax": "1241000000",
      "incomeTaxExpense": "221000000",
      "interestAndDebtExpense": "None",
      "netIncomeFromContinuingOperations": "1020000000",
      "comprehensiveIncomeNetOfTax": "None",
      "ebit": "1186000000",
      "ebitda": "1456000000",
      "netIncome": "1020000000"
    },
    {
      "fiscalDateEnding": "2023-06-30",
      "reportedCurrency": "USD",
      "grossProfit": "3348000000",
      "totalRevenue": "7287000000",
      "costOfRevenue": "3939000000",
      "costofGoodsAndServicesSold": "3939000000",
      "operatingIncome": "1133000000",
      "sellingGeneralAndAdministrative": "491000000",
      "researchAndDevelopment": "743000000",
      "operatingExpenses": "2191000000",
      "investmentIncomeNet": "None",
      "netInterestIncome": "29000000",
      "interestIncome": "116000000",
      "interestExpense": "87000000",
      "nonInterestIncome": "None",
      "otherNonOperatingIncome": "170000000",
      "depreciation": "None",
      "depreciationAndAmortization": "269000000",
      "incomeBeforeTax": "1303000000",
      "incomeTaxExpense": "274000000",
      "interestAndDebtExpense": "None",
      "netIncomeFromContinuingOperations": "1577000000",
      "comprehensiveIncomeNetOfTax": "None",
      "ebit": "1123000000",
      "ebitda": "1392000000",
      "netIncome": "1029000000"
    },
    {
      "fiscalDateEnding": "2023-03-31",
      "reportedCurrency": "USD",
      "grossProfit": "3315000000",
      "totalRevenue": "7040000000",
      "costOfRevenue": "3725000000",
      "costofGoodsAndServicesSold": "3725000000",
      "operatingIncome": "999000000",
      "sellingGeneralAndAdministrative": "507000000",
      "researchAndDevelopment": "721000000",
      "operatingExpenses": "2152000000",
      "investmentIncomeNet": "None",
      "netInterestIncome": "21000000",
      "interestIncome": "108000000",
      "interestExpense": "87000000",
      "nonInterestIncome": "None",
      "otherNonOperatingIncome": "75000000",
      "depreciation": "None",
      "depreciationAndAmortization": "270000000",
      "incomeBeforeTax": "1074000000",
      "incomeTaxExpense": "279000000",
      "interestAndDebtExpense": "None",
      "netIncomeFromContinuingOperations": "1353000000",
      "comprehensiveIncomeNetOfTax": "None",
      "ebit": "1163000000",
      "ebitda": "1433000000",
      "netIncome": "795000000"
    },
    {
      "fiscalDateEnding": "2022-12-31",
      "reportedCurrency": "USD",
      "grossProfit": "3671000000",
      "totalRevenue": "7383000000",
      "costOfRevenue": "3712000000",
      "costofGoodsAndServicesSold": "3712000000",
      "operatingIncome": "1244000000",
      "sellingGeneralAndAdministrative": "515000000",
      "researchAndDevelopment": "822000000",
      "operatingExpenses": "2402000000",
      "investmentIncomeNet": "None",
      "netInterestIncome": "-5000000",
      "interestIncome": "84000000",
      "interestExpense": "89000000",
      "nonInterestIncome": "None",
      "otherNonOperatingIncome": "-134000000",
      "depreciation": "None",
      "depreciationAndAmortization": "326000000",
      "incomeBeforeTax": "1110000000",
      "incomeTaxExpense": "189000000",
      "interestAndDebtExpense": "None",
      "netIncomeFromContinuingOperations": "-595000000",
      "comprehensiveIncomeNetOfTax": "None",
      "ebit": "1268000000",
      "ebitda": "1594000000",
      "netIncome": "921000000"
    },
    {
      "fiscalDateEnding": "2022-09-30",
      "reportedCurrency": "USD",
      "grossProfit": "3491000000",
      "totalRevenue": "6846000000",
      "costOfRevenue": "3355000000",
      "costofGoodsAndServicesSold": "3355000000",
      "operatingIncome": "1118000000",
      "sellingGeneralAndAdministrative": "463000000",
      "researchAndDevelopment": "801000000",
      "operatingExpenses": "2317000000",
      "investmentIncomeNet": "None",
      "netInterestIncome": "-39000000",
      "interestIncome": "48000000",
      "interestExpense": "87000000",
      "nonInterestIncome": "None",
      "otherNonOperatingIncome": "460000000",
      "depreciation": "None",
      "depreciationAndAmortization": "330000000",
      "incomeBeforeTax": "1578000000",
      "incomeTaxExpense": "248000000",
      "interestAndDebtExpense": "None",
      "netIncomeFromContinuingOperations": "1826000000",
      "comprehensiveIncomeNetOfTax": "None",
      "ebit": "1170000000",
      "ebitda": "1500000000",
      "netIncome": "1330000000"
    },
    {
      "fiscalDateEnding": "2022-06-30",
      "reportedCurrency": "USD",
      "grossProfit": "3314000000",
      "totalRevenue": "6806000000",
      "costOfRevenue": "3492000000",
      "costofGoodsAndServicesSold": "3492000000",
      "operatingIncome": "764000000",
      "sellingGeneralAndAdministrative": "514000000",
      "researchAndDevelopment": "815000000",
      "operatingExpenses": "2460000000",
      "investmentIncomeNet": "None",
      "netInterestIncome": "-42000000",
      "interestIncome": "27000000",
      "interestExpense": "69000000",
      "nonInterestIncome": "None",
      "otherNonOperatingIncome": "-715000000",
      "depreciation": "None",
      "depreciationAndAmortization": "333000000",
      "incomeBeforeTax": "49000000",
      "incomeTaxExpense": "390000000",
      "interestAndDebtExpense": "None",
      "netIncomeFromContinuingOperations": "439000000",
      "comprehensiveIncomeNetOfTax": "None",
      "ebit": "854000000",
      "ebitda": "1187000000",
      "netIncome": "-341000000"
    },
    {
      "fiscalDateEnding": "2022-03-31",
      "reportedCurrency": "USD",
      "grossProfit": "3297000000",
      "totalRevenue": "6483000000",
      "costOfRevenue": "3186000000",
      "costofGoodsAndServicesSold": "3186000000",
      "operatingIncome": "711000000",
      "sellingGeneralAndAdministrative": "607000000",
      "researchAndDevelopment": "815000000",
      "operatingExpenses": "2550000000",
      "investmentIncomeNet": "None",
      "netInterestIncome": "-44000000",
      "interestIncome": "15000000",
      "interestExpense": "59000000",
      "nonInterestIncome": "None",
      "otherNonOperatingIncome": "-82000000",
      "depreciation": "None",
      "depreciationAndAmortization": "328000000",
      "incomeBeforeTax": "629000000",
      "incomeTaxExpense": "120000000",
      "interestAndDebtExpense": "None",
      "netIncomeFromContinuingOperations": "749000000",
      "comprehensiveIncomeNetOfTax": "None",
      "ebit": "747000000",
      "ebitda": "1075000000",
      "netIncome": "509000000"
    },
    {
      "fiscalDateEnding": "2021-12-31",
      "reportedCurrency": "USD",
      "grossProfit": "3616000000",
      "totalRevenue": "6918000000",
      "costOfRevenue": "3302000000",
      "costofGoodsAndServicesSold": "3302000000",
      "operatingIncome": "1057000000",
      "sellingGeneralAndAdministrative": "570000000",
      "researchAndDevelopment": "796000000",
      "operatingExpenses": "2564000000",
      "investmentIncomeNet": "None",
      "netInterestIncome": "-45000000",
      "interestIncome": "14000000",
      "interestExpense": "59000000",
      "nonInterestIncome": "None",
      "otherNonOperatingIncome": "-344000000",
      "depreciation": "None",
      "depreciationAndAmortization": "326000000",
      "incomeBeforeTax": "706000000",
      "incomeTaxExpense": "-95000000",
      "interestAndDebtExpense": "None",
      "netIncomeFromContinuingOperations": "801000000",
      "comprehensiveIncomeNetOfTax": "None",
      "ebit": "1050000000",
      "ebitda": "1376000000",
      "netIncome": "801000000"
    },
    {
      "fiscalDateEnding": "2021-09-30",
      "reportedCurrency": "USD",
      "grossProfit": "3350000000",
      "totalRevenue": "6182000000",
      "costOfRevenue": "2832000000",
      "costofGoodsAndServicesSold": "2832000000",
      "operatingIncome": "1043000000",
      "sellingGeneralAndAdministrative": "498000000",
      "researchAndDevelopment": "755000000",
      "operatingExpenses": "2306000000",
      "investmentIncomeNet": "None",
      "netInterestIncome": "-43000000",
      "interestIncome": "15000000",
      "interestExpense": "58000000",
      "nonInterestIncome": "None",
      "otherNonOperatingIncome": "122000000",
      "depreciation": "None",
      "depreciationAndAmortization": "323000000",
      "incomeBeforeTax": "1165000000",
      "incomeTaxExpense": "78000000",
      "interestAndDebtExpense": "None",
      "netIncomeFromContinuingOperations": "1087000000",
      "comprehensiveIncomeNetOfTax": "None",
      "ebit": "1044000000",
      "ebitda": "1367000000",
      "netIncome": "1087000000"
    },
    {
      "fiscalDateEnding": "2021-06-30",
      "reportedCurrency": "USD",
      "grossProfit": "3545000000",
      "totalRevenue": "6238000000",
      "costOfRevenue": "2693000000",
      "costofGoodsAndServicesSold": "2693000000",
      "operatingIncome": "1127000000",
      "sellingGeneralAndAdministrative": "522000000",
      "researchAndDevelopment": "746000000",
      "operatingExpenses": "2417000000",
      "investmentIncomeNet": "None",
      "netInterestIncome": "-44000000",
      "interestIncome": "13000000",
      "interestExpense": "57000000",
      "nonInterestIncome": "None",
      "otherNonOperatingIncome": "229000000",
      "depreciation": "None",
      "depreciationAndAmortization": "316000000",
      "incomeBeforeTax": "1356000000",
      "incomeTaxExpense": "172000000",
      "interestAndDebtExpense": "None",
      "netIncomeFromContinuingOperations": "1184000000",
      "comprehensiveIncomeNetOfTax": "None",
      "ebit": "1128000000",
      "ebitda": "1444000000",
      "netIncome": "1184000000"
    },
    {
      "fiscalDateEnding": "2021-03-31",
      "reportedCurrency": "USD",
      "grossProfit": "2967000000",
      "totalRevenue": "6033000000",
      "costOfRevenue": "3066000000",
      "costofGoodsAndServicesSold": "3066000000",
      "operatingIncome": "1042000000",
      "sellingGeneralAndAdministrative": "1042000000",
      "researchAndDevelopment": "741000000",
      "operatingExpenses": "2385000000",
      "investmentIncomeNet": "None",
      "netInterestIncome": "-43000000",
      "interestIncome": "15000000",
      "interestExpense": "58000000",
      "nonInterestIncome": "None",
      "otherNonOperatingIncome": "-170000000",
      "depreciation": "None",
      "depreciationAndAmortization": "300000000",
      "incomeBeforeTax": "872000000",
      "incomeTaxExpense": "-225000000",
      "interestAndDebtExpense": "None",
      "netIncomeFromContinuingOperations": "1097000000",
      "comprehensiveIncomeNetOfTax": "None",
      "ebit": "1100000000",
      "ebitda": "1400000000",
      "netIncome": "1097000000"
    },
    {
      "fiscalDateEnding": "2020-12-31",
      "reportedCurrency": "USD",
      "grossProfit": "3420000000",
      "totalRevenue": "6116000000",
      "costOfRevenue": "2696000000",
      "costofGoodsAndServicesSold": "2696000000",
      "operatingIncome": "963000000",
      "sellingGeneralAndAdministrative": "2347000000",
      "researchAndDevelopment": "732000000",
      "operatingExpenses": "2413000000",
      "investmentIncomeNet": "None",
      "netInterestIncome": "-43000000",
      "interestIncome": "16000000",
      "interestExpense": "59000000",
      "nonInterestIncome": "None",
      "otherNonOperatingIncome": "896000000",
      "depreciation": "None",
      "depreciationAndAmortization": "301000000",
      "incomeBeforeTax": "1859000000",
      "incomeTaxExpense": "292000000",
      "interestAndDebtExpense": "None",
      "netIncomeFromContinuingOperations": "1567000000",
      "comprehensiveIncomeNetOfTax": "None",
      "ebit": "1007000000",
      "ebitda": "1308000000",
      "netIncome": "1567000000"
    },
    {
      "fiscalDateEnding": "2020-09-30",
      "reportedCurrency": "USD",
      "grossProfit": "3093000000",
      "totalRevenue": "5459000000",
      "costOfRevenue": "2366000000",
      "costofGoodsAndServicesSold": "2366000000",
      "operatingIncome": "977000000",
      "sellingGeneralAndAdministrative": "503000000",
      "researchAndDevelopment": "674000000",
      "operatingExpenses": "2097000000",
      "investmentIncomeNet": "None",
      "netInterestIncome": "-41000000",
      "interestIncome": "17000000",
      "interestExpense": "58000000",
      "nonInterestIncome": "None",
      "otherNonOperatingIncome": "167000000",
      "depreciation": "None",
      "depreciationAndAmortization": "298000000",
      "incomeBeforeTax": "1144000000",
      "incomeTaxExpense": "123000000",
      "interestAndDebtExpense": "None",
      "netIncomeFromContinuingOperations": "1021000000",
      "comprehensiveIncomeNetOfTax": "None",
      "ebit": "996000000",
      "ebitda": "1294000000",
      "netIncome": "1021000000"
    },
    {
      "fiscalDateEnding": "2020-06-30",
      "reportedCurrency": "USD",
      "grossProfit": "2978000000",
      "totalRevenue": "5261000000",
      "costOfRevenue": "2283000000",
      "costofGoodsAndServicesSold": "2283000000",
      "operatingIncome": "951000000",
      "sellingGeneralAndAdministrative": "512000000",
      "researchAndDevelopment": "631000000",
      "operatingExpenses": "1980000000",
      "investmentIncomeNet": "None",
      "netInterestIncome": "-33000000",
      "interestIncome": "22000000",
      "interestExpense": "55000000",
      "nonInterestIncome": "None",
      "otherNonOperatingIncome": "848000000",
      "depreciation": "None",
      "depreciationAndAmortization": "297000000",
      "incomeBeforeTax": "1799000000",
      "incomeTaxExpense": "269000000",
      "interestAndDebtExpense": "None",
      "netIncomeFromContinuingOperations": "1530000000",
      "comprehensiveIncomeNetOfTax": "None",
      "ebit": "998000000",
      "ebitda": "1295000000",
      "netIncome": "1530000000"
    },
    {
      "fiscalDateEnding": "2020-03-31",
      "reportedCurrency": "USD",
      "grossProfit": "2288000000",
      "totalRevenue": "4618000000",
      "costOfRevenue": "2330000000",
      "costofGoodsAndServicesSold": "2330000000",
      "operatingIncome": "398000000",
      "sellingGeneralAndAdministrative": "885000000",
      "researchAndDevelopment": "605000000",
      "operatingExpenses": "1861000000",
      "investmentIncomeNet": "None",
      "netInterestIncome": "-4000000",
      "interestIncome": "33000000",
      "interestExpense": "37000000",
      "nonInterestIncome": "None",
      "otherNonOperatingIncome": "-135000000",
      "depreciation": "None",
      "depreciationAndAmortization": "293000000",
      "incomeBeforeTax": "263000000",
      "incomeTaxExpense": "179000000",
      "interestAndDebtExpense": "None",
      "netIncomeFromContinuingOperations": "84000000",
      "comprehensiveIncomeNetOfTax": "None",
      "ebit": "427000000",
      "ebitda": "720000000",
      "netIncome": "84000000"
    },
    {
      "fiscalDateEnding": "2019-12-31",
      "reportedCurrency": "USD",
      "grossProfit": "2667000000",
      "totalRevenue": "4961000000",
      "costOfRevenue": "2294000000",
      "costofGoodsAndServicesSold": "2294000000",
      "operatingIncome": "799000000",
      "sellingGeneralAndAdministrative": "910000000",
      "researchAndDevelopment": "558000000",
      "operatingExpenses": "1868000000",
      "investmentIncomeNet": "None",
      "netInterestIncome": "16000000",
      "interestIncome": "53000000",
      "interestExpense": "37000000",
      "nonInterestIncome": "None",
      "otherNonOperatingIncome": "55000000",
      "depreciation": "None",
      "depreciationAndAmortization": "227000000",
      "incomeBeforeTax": "854000000",
      "incomeTaxExpense": "347000000",
      "interestAndDebtExpense": "None",
      "netIncomeFromContinuingOperations": "507000000",
      "comprehensiveIncomeNetOfTax": "None",
      "ebit": "799000000",
      "ebitda": "1026000000",
      "netIncome": "507000000"
    },
    {
      "fiscalDateEnding": "2019-09-30",
      "reportedCurrency": "USD",
      "grossProfit": "2337000000",
      "totalRevenue": "4378000000",
      "costOfRevenue": "2041000000",
      "costofGoodsAndServicesSold": "2041000000",
      "operatingIncome": "697000000",
      "sellingGeneralAndAdministrative": "791000000",
      "researchAndDevelopment": "533000000",
      "operatingExpenses": "1640000000",
      "investmentIncomeNet": "None",
      "netInterestIncome": "18000000",
      "interestIncome": "47000000",
      "interestExpense": "29000000",
      "nonInterestIncome": "None",
      "otherNonOperatingIncome": "-213000000",
      "depreciation": "None",
      "depreciationAndAmortization": "227000000",
      "incomeBeforeTax": "484000000",
      "incomeTaxExpense": "22000000",
      "interestAndDebtExpense": "None",
      "netIncomeFromContinuingOperations": "462000000",
      "comprehensiveIncomeNetOfTax": "None",
      "ebit": "697000000",
      "ebitda": "924000000",
      "netIncome": "462000000"
    },
    {
      "fiscalDateEnding": "2019-06-30",
      "reportedCurrency": "USD",
      "grossProfit": "2360000000",
      "totalRevenue": "4305000000",
      "costOfRevenue": "1945000000",
      "costofGoodsAndServicesSold": "1945000000",
      "operatingIncome": "705000000",
      "sellingGeneralAndAdministrative": "818000000",
      "researchAndDevelopment": "483000000",
      "operatingExpenses": "1657000000",
      "investmentIncomeNet": "None",
      "netInterestIncome": "21000000",
      "interestIncome": "48000000",
      "interestExpense": "27000000",
      "nonInterestIncome": "None",
      "otherNonOperatingIncome": "238000000",
      "depreciation": "None",
      "depreciationAndAmortization": "228000000",
      "incomeBeforeTax": "943000000",
      "incomeTaxExpense": "120000000",
      "interestAndDebtExpense": "None",
      "netIncomeFromContinuingOperations": "823000000",
      "comprehensiveIncomeNetOfTax": "None",
      "ebit": "705000000",
      "ebitda": "933000000",
      "netIncome": "823000000"
    },
    {
      "fiscalDateEnding": "2019-03-31",
      "reportedCurrency": "USD",
      "grossProfit": "2238000000",
      "totalRevenue": "4128000000",
      "costOfRevenue": "1890000000",
      "costofGoodsAndServicesSold": "1890000000",
      "operatingIncome": "518000000",
      "sellingGeneralAndAdministrative": "807000000",
      "researchAndDevelopment": "511000000",
      "operatingExpenses": "1647000000",
      "investmentIncomeNet": "None",
      "netInterestIncome": "27000000",
      "interestIncome": "197000000",
      "interestExpense": "22000000",
      "nonInterestIncome": "None",
      "otherNonOperatingIncome": "199000000",
      "depreciation": "None",
      "depreciationAndAmortization": "230000000",
      "incomeBeforeTax": "717000000",
      "incomeTaxExpense": "50000000",
      "interestAndDebtExpense": "None",
      "netIncomeFromContinuingOperations": "667000000",
      "comprehensiveIncomeNetOfTax": "None",
      "ebit": "596000000",
      "ebitda": "826000000",
      "netIncome": "667000000"
    },
    {
      "fiscalDateEnding": "2018-12-31",
      "reportedCurrency": "USD",
      "grossProfit": "2308000000",
      "totalRevenue": "4226000000",
      "costOfRevenue": "1918000000",
      "costofGoodsAndServicesSold": "1918000000",
      "operatingIncome": "598000000",
      "sellingGeneralAndAdministrative": "390000000",
      "researchAndDevelopment": "289000000",
      "operatingExpenses": "1698000000",
      "investmentIncomeNet": "None",
      "netInterestIncome": "None",
      "interestIncome": "None",
      "interestExpense": "20000000",
      "nonInterestIncome": "None",
      "otherNonOperatingIncome": "88000000",
      "depreciation": "None",
      "depreciationAndAmortization": "223000000",
      "incomeBeforeTax": "686000000",
      "incomeTaxExpense": "102000000",
      "interestAndDebtExpense": "None",
      "netIncomeFromContinuingOperations": "584000000",
      "comprehensiveIncomeNetOfTax": "None",
      "ebit": "598000000",
      "ebitda": "821000000",
      "netIncome": "584000000"
    },
    {
      "fiscalDateEnding": "2018-09-30",
      "reportedCurrency": "USD",
      "grossProfit": "2022000000",
      "totalRevenue": "3683000000",
      "costOfRevenue": "1661000000",
      "costofGoodsAndServicesSold": "1661000000",
      "operatingIncome": "490000000",
      "sellingGeneralAndAdministrative": "354000000",
      "researchAndDevelopment": "269000000",
      "operatingExpenses": "1504000000",
      "investmentIncomeNet": "None",
      "netInterestIncome": "None",
      "interestIncome": "None",
      "interestExpense": "22000000",
      "nonInterestIncome": "None",
      "otherNonOperatingIncome": "43000000",
      "depreciation": "None",
      "depreciationAndAmortization": "188000000",
      "incomeBeforeTax": "533000000",
      "incomeTaxExpense": "97000000",
      "interestAndDebtExpense": "None",
      "netIncomeFromContinuingOperations": "436000000",
      "comprehensiveIncomeNetOfTax": "None",
      "ebit": "518000000",
      "ebitda": "706000000",
      "netIncome": "436000000"
    },
    {
      "fiscalDateEnding": "2018-06-30",
      "reportedCurrency": "USD",
      "grossProfit": "2161000000",
      "totalRevenue": "3857000000",
      "costOfRevenue": "1696000000",
      "costofGoodsAndServicesSold": "1696000000",
      "operatingIncome": "572000000",
      "sellingGeneralAndAdministrative": "368000000",
      "researchAndDevelopment": "255000000",
      "operatingExpenses": "1473000000",
      "investmentIncomeNet": "None",
      "netInterestIncome": "None",
      "interestIncome": "None",
      "interestExpense": "22000000",
      "nonInterestIncome": "None",
      "otherNonOperatingIncome": "37000000",
      "depreciation": "None",
      "depreciationAndAmortization": "180000000",
      "incomeBeforeTax": "609000000",
      "incomeTaxExpense": "83000000",
      "interestAndDebtExpense": "None",
      "netIncomeFromContinuingOperations": "526000000",
      "comprehensiveIncomeNetOfTax": "None",
      "ebit": "609000000",
      "ebitda": "789000000",
      "netIncome": "526000000"
    },
    {
      "fiscalDateEnding": "2018-03-31",
      "reportedCurrency": "USD",
      "grossProfit": "2105000000",
      "totalRevenue": "3685000000",
      "costOfRevenue": "1580000000",
      "costofGoodsAndServicesSold": "1580000000",
      "operatingIncome": "534000000",
      "sellingGeneralAndAdministrative": "339000000",
      "researchAndDevelopment": "258000000",
      "operatingExpenses": "1418000000",
      "investmentIncomeNet": "None",
      "netInterestIncome": "None",
      "interestIncome": "None",
      "interestExpense": "22000000",
      "nonInterestIncome": "None",
      "otherNonOperatingIncome": "14000000",
      "depreciation": "None",
      "depreciationAndAmortization": "185000000",
      "incomeBeforeTax": "548000000",
      "incomeTaxExpense": "37000000",
      "interestAndDebtExpense": "None",
      "netIncomeFromContinuingOperations": "511000000",
      "comprehensiveIncomeNetOfTax": "None",
      "ebit": "548000000",
      "ebitda": "733000000",
      "netIncome": "511000000"
    },
    {
      "fiscalDateEnding": "2017-12-31",
      "reportedCurrency": "USD",
      "grossProfit": "2438000000",
      "totalRevenue": "3744000000",
      "costOfRevenue": "1306000000",
      "costofGoodsAndServicesSold": "1306000000",
      "operatingIncome": "843000000",
      "sellingGeneralAndAdministrative": "315000000",
      "researchAndDevelopment": "267000000",
      "operatingExpenses": "1503000000",
      "investmentIncomeNet": "None",
      "netInterestIncome": "None",
      "interestIncome": "None",
      "interestExpense": "7000000",
      "nonInterestIncome": "None",
      "otherNonOperatingIncome": "21000000",
      "depreciation": "None",
      "depreciationAndAmortization": "227000000",
      "incomeBeforeTax": "864000000",
      "incomeTaxExpense": "244000000",
      "interestAndDebtExpense": "None",
      "netIncomeFromContinuingOperations": "620000000",
      "comprehensiveIncomeNetOfTax": "None",
      "ebit": "864000000",
      "ebitda": "1091000000",
      "netIncome": "620000000"
    },
    {
      "fiscalDateEnding": "2017-09-30",
      "reportedCurrency": "USD",
      "grossProfit": "1774000000",
      "totalRevenue": "3239000000",
      "costOfRevenue": "1465000000",
      "costofGoodsAndServicesSold": "1465000000",
      "operatingIncome": "423000000",
      "sellingGeneralAndAdministrative": "293000000",
      "researchAndDevelopment": "240000000",
      "operatingExpenses": "1351000000",
      "investmentIncomeNet": "None",
      "netInterestIncome": "None",
      "interestIncome": "None",
      "interestExpense": "0",
      "nonInterestIncome": "None",
      "otherNonOperatingIncome": "28000000",
      "depreciation": "None",
      "depreciationAndAmortization": "194000000",
      "incomeBeforeTax": "451000000",
      "incomeTaxExpense": "71000000",
      "interestAndDebtExpense": "None",
      "netIncomeFromContinuingOperations": "380000000",
      "comprehensiveIncomeNetOfTax": "None",
      "ebit": "423000000",
      "ebitda": "617000000",
      "netIncome": "380000000"
    },
    {
      "fiscalDateEnding": "2017-06-30",
      "reportedCurrency": "USD",
      "grossProfit": "1764000000",
      "totalRevenue": "3136000000",
      "costOfRevenue": "1372000000",
      "costofGoodsAndServicesSold": "1372000000",
      "operatingIncome": "430000000",
      "sellingGeneralAndAdministrative": "282000000",
      "researchAndDevelopment": "232000000",
      "operatingExpenses": "1334000000",
      "investmentIncomeNet": "None",
      "netInterestIncome": "None",
      "interestIncome": "None",
      "interestExpense": "0",
      "nonInterestIncome": "None",
      "otherNonOperatingIncome": "17000000",
      "depreciation": "None",
      "depreciationAndAmortization": "201000000",
      "incomeBeforeTax": "447000000",
      "incomeTaxExpense": "36000000",
      "interestAndDebtExpense": "None",
      "netIncomeFromContinuingOperations": "411000000",
      "comprehensiveIncomeNetOfTax": "None",
      "ebit": "430000000",
      "ebitda": "631000000",
      "netIncome": "411000000"
    },
    {
      "fiscalDateEnding": "2017-03-31",
      "reportedCurrency": "USD",
      "grossProfit": "1688000000",
      "totalRevenue": "2975000000",
      "costOfRevenue": "1287000000",
      "costofGoodsAndServicesSold": "1287000000",
      "operatingIncome": "431000000",
      "sellingGeneralAndAdministrative": "265000000",
      "researchAndDevelopment": "214000000",
      "operatingExpenses": "1217000000",
      "investmentIncomeNet": "None",
      "netInterestIncome": "None",
      "interestIncome": "None",
      "interestExpense": "0",
      "nonInterestIncome": "None",
      "otherNonOperatingIncome": "7000000",
      "depreciation": "None",
      "depreciationAndAmortization": "183000000",
      "incomeBeforeTax": "438000000",
      "incomeTaxExpense": "54000000",
      "interestAndDebtExpense": "None",
      "netIncomeFromContinuingOperations": "384000000",
      "comprehensiveIncomeNetOfTax": "None",
      "ebit": "471000000",
      "ebitda": "654000000",
      "netIncome": "384000000"
    },
    {
      "fiscalDateEnding": "2016-12-31",
      "reportedCurrency": "USD",
      "grossProfit": "1720000000",
      "totalRevenue": "2981000000",
      "costOfRevenue": "1261000000",
      "costofGoodsAndServicesSold": "1261000000",
      "operatingIncome": "460000000",
      "sellingGeneralAndAdministrative": "275000000",
      "researchAndDevelopment": "215000000",
      "operatingExpenses": "1260000000",
      "investmentIncomeNet": "None",
      "netInterestIncome": "None",
      "interestIncome": "None",
      "interestExpense": "3000000",
      "nonInterestIncome": "None",
      "otherNonOperatingIncome": "9000000",
      "depreciation": "None",
      "depreciationAndAmortization": "189000000",
      "incomeBeforeTax": "469000000",
      "incomeTaxExpense": "79000000",
      "interestAndDebtExpense": "None",
      "netIncomeFromContinuingOperations": "390000000",
      "comprehensiveIncomeNetOfTax": "None",
      "ebit": "460000000",
      "ebitda": "649000000",
      "netIncome": "390000000"
    },
    {
      "fiscalDateEnding": "2016-09-30",
      "reportedCurrency": "USD",
      "grossProfit": "1566000000",
      "totalRevenue": "2667000000",
      "costOfRevenue": "1101000000",
      "costofGoodsAndServicesSold": "1101000000",
      "operatingIncome": "348000000",
      "sellingGeneralAndAdministrative": "261000000",
      "researchAndDevelopment": "215000000",
      "operatingExpenses": "1218000000",
      "investmentIncomeNet": "None",
      "netInterestIncome": "None",
      "interestIncome": "None",
      "interestExpense": "0",
      "nonInterestIncome": "None",
      "otherNonOperatingIncome": "12000000",
      "depreciation": "None",
      "depreciationAndAmortization": "185000000",
      "incomeBeforeTax": "360000000",
      "incomeTaxExpense": "37000000",
      "interestAndDebtExpense": "None",
      "netIncomeFromContinuingOperations": "323000000",
      "comprehensiveIncomeNetOfTax": "None",
      "ebit": "348000000",
      "ebitda": "533000000",
      "netIncome": "323000000"
    },
    {
      "fiscalDateEnding": "2016-06-30",
      "reportedCurrency": "USD",
      "grossProfit": "1585000000",
      "totalRevenue": "2650000000",
      "costOfRevenue": "1065000000",
      "costofGoodsAndServicesSold": "1065000000",
      "operatingIncome": "371000000",
      "sellingGeneralAndAdministrative": "261000000",
      "researchAndDevelopment": "209000000",
      "operatingExpenses": "1214000000",
      "investmentIncomeNet": "None",
      "netInterestIncome": "None",
      "interestIncome": "None",
      "interestExpense": "0",
      "nonInterestIncome": "None",
      "otherNonOperatingIncome": "9000000",
      "depreciation": "None",
      "depreciationAndAmortization": "176000000",
      "incomeBeforeTax": "380000000",
      "incomeTaxExpense": "57000000",
      "interestAndDebtExpense": "None",
      "netIncomeFromContinuingOperations": "323000000",
      "comprehensiveIncomeNetOfTax": "None",
      "ebit": "371000000",
      "ebitda": "547000000",
      "netIncome": "323000000"
    },
    {
      "fiscalDateEnding": "2016-03-31",
      "reportedCurrency": "USD",
      "grossProfit": "1537000000",
      "totalRevenue": "2544000000",
      "costOfRevenue": "1007000000",
      "costofGoodsAndServicesSold": "1007000000",
      "operatingIncome": "407000000",
      "sellingGeneralAndAdministrative": "231000000",
      "researchAndDevelopment": "195000000",
      "operatingExpenses": "1130000000",
      "investmentIncomeNet": "None",
      "netInterestIncome": "None",
      "interestIncome": "None",
      "interestExpense": "0",
      "nonInterestIncome": "None",
      "otherNonOperatingIncome": "15000000",
      "depreciation": "None",
      "depreciationAndAmortization": "174000000",
      "incomeBeforeTax": "422000000",
      "incomeTaxExpense": "57000000",
      "interestAndDebtExpense": "None",
      "netIncomeFromContinuingOperations": "365000000",
      "comprehensiveIncomeNetOfTax": "None",
      "ebit": "408000000",
      "ebitda": "582000000",
      "netIncome": "365000000"
    },
    {
      "fiscalDateEnding": "2015-12-31",
      "reportedCurrency": "USD",
      "grossProfit": "1561000000",
      "totalRevenue": "2556000000",
      "costOfRevenue": "995000000",
      "costofGoodsAndServicesSold": "995000000",
      "operatingIncome": "411000000",
      "sellingGeneralAndAdministrative": "146000000",
      "researchAndDevelopment": "252000000",
      "operatingExpenses": "1151000000",
      "investmentIncomeNet": "None",
      "netInterestIncome": "None",
      "interestIncome": "None",
      "interestExpense": "3000000",
      "nonInterestIncome": "None",
      "otherNonOperatingIncome": "None",
      "depreciation": "None",
      "depreciationAndAmortization": "164000000",
      "incomeBeforeTax": "418000000",
      "incomeTaxExpense": "51000000",
      "interestAndDebtExpense": "None",
      "netIncomeFromContinuingOperations": "1228000000",
      "comprehensiveIncomeNetOfTax": "None",
      "ebit": "410000000",
      "ebitda": "574000000",
      "netIncome": "367000000"
    },
    {
      "fiscalDateEnding": "2015-09-30",
      "reportedCurrency": "USD",
      "grossProfit": "1406000000",
      "totalRevenue": "2258000000",
      "costOfRevenue": "852000000",
      "costofGoodsAndServicesSold": "852000000",
      "operatingIncome": "330000000",
      "sellingGeneralAndAdministrative": "141000000",
      "researchAndDevelopment": "230000000",
      "operatingExpenses": "1076000000",
      "investmentIncomeNet": "None",
      "netInterestIncome": "None",
      "interestIncome": "None",
      "interestExpense": "0",
      "nonInterestIncome": "None",
      "otherNonOperatingIncome": "20000000",
      "depreciation": "None",
      "depreciationAndAmortization": "153000000",
      "incomeBeforeTax": "350000000",
      "incomeTaxExpense": "49000000",
      "interestAndDebtExpense": "None",
      "netIncomeFromContinuingOperations": "301000000",
      "comprehensiveIncomeNetOfTax": "None",
      "ebit": "330000000",
      "ebitda": "483000000",
      "netIncome": "301000000"
    },
    {
      "fiscalDateEnding": "2015-06-30",
      "reportedCurrency": "USD",
      "grossProfit": "1478000000",
      "totalRevenue": "2297000000",
      "costOfRevenue": "819000000",
      "costofGoodsAndServicesSold": "819000000",
      "operatingIncome": "398000000",
      "sellingGeneralAndAdministrative": "135000000",
      "researchAndDevelopment": "241000000",
      "operatingExpenses": "1079000000",
      "investmentIncomeNet": "None",
      "netInterestIncome": "None",
      "interestIncome": "None",
      "interestExpense": "0",
      "nonInterestIncome": "None",
      "otherNonOperatingIncome": "1000000",
      "depreciation": "None",
      "depreciationAndAmortization": "150000000",
      "incomeBeforeTax": "399000000",
      "incomeTaxExpense": "94000000",
      "interestAndDebtExpense": "None",
      "netIncomeFromContinuingOperations": "305000000",
      "comprehensiveIncomeNetOfTax": "None",
      "ebit": "399000000",
      "ebitda": "549000000",
      "netIncome": "305000000"
    },
    {
      "fiscalDateEnding": "2015-03-31",
      "reportedCurrency": "USD",
      "grossProfit": "1384000000",
      "totalRevenue": "2137000000",
      "costOfRevenue": "753000000",
      "costofGoodsAndServicesSold": "753000000",
      "operatingIncome": "322000000",
      "sellingGeneralAndAdministrative": "138000000",
      "researchAndDevelopment": "224000000",
      "operatingExpenses": "1014000000",
      "investmentIncomeNet": "None",
      "netInterestIncome": "None",
      "interestIncome": "None",
      "interestExpense": "0",
      "nonInterestIncome": "None",
      "otherNonOperatingIncome": "None",
      "depreciation": "None",
      "depreciationAndAmortization": "141000000",
      "incomeBeforeTax": "321000000",
      "incomeTaxExpense": "66000000",
      "interestAndDebtExpense": "None",
      "netIncomeFromContinuingOperations": "0",
      "comprehensiveIncomeNetOfTax": "None",
      "ebit": "370000000",
      "ebitda": "511000000",
      "netIncome": "255000000"
    },
    {
      "fiscalDateEnding": "2014-12-31",
      "reportedCurrency": "USD",
      "grossProfit": "1406000000",
      "totalRevenue": "2193000000",
      "costOfRevenue": "787000000",
      "costofGoodsAndServicesSold": "787000000",
      "operatingIncome": "348000000",
      "sellingGeneralAndAdministrative": "144000000",
      "researchAndDevelopment": "239000000",
      "operatingExpenses": "1058000000",
      "investmentIncomeNet": "None",
      "netInterestIncome": "None",
      "interestIncome": "None",
      "interestExpense": "0",
      "nonInterestIncome": "None",
      "otherNonOperatingIncome": "None",
      "depreciation": "None",
      "depreciationAndAmortization": "132000000",
      "incomeBeforeTax": "347000000",
      "incomeTaxExpense": "61000000",
      "interestAndDebtExpense": "None",
      "netIncomeFromContinuingOperations": "419000000",
      "comprehensiveIncomeNetOfTax": "None",
      "ebit": "219000000",
      "ebitda": "351000000",
      "netIncome": "286000000"
    },
    {
      "fiscalDateEnding": "2014-09-30",
      "reportedCurrency": "USD",
      "grossProfit": "1258000000",
      "totalRevenue": "1975000000",
      "costOfRevenue": "717000000",
      "costofGoodsAndServicesSold": "717000000",
      "operatingIncome": "272000000",
      "sellingGeneralAndAdministrative": "101000000",
      "researchAndDevelopment": "232000000",
      "operatingExpenses": "986000000",
      "investmentIncomeNet": "None",
      "netInterestIncome": "None",
      "interestIncome": "None",
      "interestExpense": "0",
      "nonInterestIncome": "None",
      "otherNonOperatingIncome": "None",
      "depreciation": "None",
      "depreciationAndAmortization": "129000000",
      "incomeBeforeTax": "276000000",
      "incomeTaxExpense": "42000000",
      "interestAndDebtExpense": "None",
      "netIncomeFromContinuingOperations": "0",
      "comprehensiveIncomeNetOfTax": "None",
      "ebit": "272000000",
      "ebitda": "401000000",
      "netIncome": "234000000"
    },
    {
      "fiscalDateEnding": "2014-06-30",
      "reportedCurrency": "USD",
      "grossProfit": "1314000000",
      "totalRevenue": "1983000000",
      "costOfRevenue": "669000000",
      "costofGoodsAndServicesSold": "669000000",
      "operatingIncome": "330000000",
      "sellingGeneralAndAdministrative": "122000000",
      "researchAndDevelopment": "221000000",
      "operatingExpenses": "984000000",
      "investmentIncomeNet": "None",
      "netInterestIncome": "None",
      "interestIncome": "None",
      "interestExpense": "0",
      "nonInterestIncome": "None",
      "otherNonOperatingIncome": "None",
      "depreciation": "None",
      "depreciationAndAmortization": "125000000",
      "incomeBeforeTax": "326000000",
      "incomeTaxExpense": "45000000",
      "interestAndDebtExpense": "None",
      "netIncomeFromContinuingOperations": "0",
      "comprehensiveIncomeNetOfTax": "None",
      "ebit": "330000000",
      "ebitda": "455000000",
      "netIncome": "281000000"
    },
    {
      "fiscalDateEnding": "2014-03-31",
      "reportedCurrency": "USD",
      "grossProfit": "1231000000",
      "totalRevenue": "1874000000",
      "costOfRevenue": "643000000",
      "costofGoodsAndServicesSold": "643000000",
      "operatingIncome": "318000000",
      "sellingGeneralAndAdministrative": "115000000",
      "researchAndDevelopment": "198000000",
      "operatingExpenses": "913000000",
      "investmentIncomeNet": "None",
      "netInterestIncome": "None",
      "interestIncome": "None",
      "interestExpense": "0",
      "nonInterestIncome": "None",
      "otherNonOperatingIncome": "None",
      "depreciation": "None",
      "depreciationAndAmortization": "130000000",
      "incomeBeforeTax": "312000000",
      "incomeTaxExpense": "694000000",
      "interestAndDebtExpense": "None",
      "netIncomeFromContinuingOperations": "0",
      "comprehensiveIncomeNetOfTax": "None",
      "ebit": "318000000",
      "ebitda": "448000000",
      "netIncome": "-382000000"
    }
  ]
}