{
  "symbol": "T",
  "annualReports": [
    {
      "fiscalDateEnding": "2024-12-31",
      "reportedCurrency": "USD",
      "grossProfit": "95364000000",
      "totalRevenue": "122336000000",
      "costOfRevenue": "26972000000",
      "costofGoodsAndServicesSold": "26972000000",
      "operatingIncome": "19049000000",
      "sellingGeneralAndAdministrative": "28411000000",
      "researchAndDevelopment": "None",
      "operatingExpenses": "76315000000",
      "investmentIncomeNet": "None",
      "netInterestIncome": "-6759000000",
      "interestIncome": "None",
      "interestExpense": "6759000000",
      "nonInterestIncome": "None",
      "otherNonOperatingIncome": "None",
      "depreciation": "None",
      "depreciationAndAmortization": "20580000000",
      "incomeBeforeTax": "16698000000",
      "incomeTaxExpense": "4445000000",
      "interestAndDebtExpense": "None",
      "netIncomeFromContinuingOperations": "12253000000",
      "comprehensiveIncomeNetOfTax": "None",
      "ebit": "23443000000",
      "ebitda": "44023000000",
      "netIncome": "10948000000"
    },
    {
      "fiscalDateEnding": "2023-12-31",
      "reportedCurrency": "USD",
      "grossProfit": "72305000000",
      "totalRevenue": "122428000000",
      "costOfRevenue": "50123000000",
      "costofGoodsAndServicesSold": "50123000000",
      "operatingIncome": "23461000000",
      "sellingGeneralAndAdministrative": "28874000000",
      "researchAndDevelopment": "954000000",
      "operatingExpenses": "48844000000",
      "investmentIncomeNet": "None",
      "netInterestIncome": "-6704000000",
      "interestIncome": "None",
      "interestExpense": "6704000000",
      "nonInterestIncome": "None",
      "otherNonOperatingIncome": "None",
      "depreciation": "None",
      "depreciationAndAmortization": "18777000000",
      "incomeBeforeTax": "19848000000",
      "incomeTaxExpense": "4225000000",
      "interestAndDebtExpense": "None",
      "netIncomeFromContinuingOperations": "15623000000",
      "comprehensiveIncomeNetOfTax": "None",
      "ebit": "26540000000",
      "ebitda": "45317000000",
      "netIncome": "14400000000"
    },
    {
      "fiscalDateEnding": "2022-12-31",
      "reportedCurrency": "USD",
      "grossProfit": "69893000000",
      "totalRevenue": "120741000000",
      "costOfRevenue": "50848000000",
      "costofGoodsAndServicesSold": "50848000000",
      "operatingIncome": "-4587000000",
      "sellingGeneralAndAdministrative": "28961000000",
      "researchAndDevelopment": "1236000000",
      "operatingExpenses": "46982000000",
      "investmentIncomeNet": "None",
      "netInterestIncome": "-6108000000",
      "interestIncome": "4317000000",
      "interestExpense": "6108000000",
      "nonInterestIncome": "None",
      "otherNonOperatingIncome": "7601000000",
      "depreciation": "None",
      "depreciationAndAmortization": "18021000000",
      "incomeBeforeTax": "-3094000000",
      "incomeTaxExpense": "3780000000",
      "interestAndDebtExpense": "None",
      "netIncomeFromContinuingOperations": "-6874000000",
      "comprehensiveIncomeNetOfTax": "None",
      "ebit": "3045000000",
      "ebitda": "21066000000",
      "netIncome": "-8524000000"
    },
    {
      "fiscalDateEnding": "2021-12-31",
      "reportedCurrency": "USD",
      "grossProfit": "73631000000",
      "totalRevenue": "134038000000",
      "costOfRevenue": "60407000000",
      "costofGoodsAndServicesSold": "60407000000",
      "operatingIncome": "25897000000",
      "sellingGeneralAndAdministrative": "37944000000",
      "researchAndDevelopment": "1325000000",
      "operatingExpenses": "47521000000",
      "investmentIncomeNet": "None",
      "netInterestIncome": "-6884000000",
      "interestIncome": "6253000000",
      "interestExpense": "6716000000",
      "nonInterestIncome": "None",
      "otherNonOperatingIncome": "10484000000",
      "depreciation": "None",
      "depreciationAndAmortization": "17852000000",
      "incomeBeforeTax": "29171000000",
      "incomeTaxExpense": "5395000000",
      "interestAndDebtExpense": "None",
      "netIncomeFromContinuingOperations": "21479000000",
      "comprehensiveIncomeNetOfTax": "None",
      "ebit": "35867000000",
      "ebitda": "53719000000",
      "netIncome": "20081000000"
    },
    {
      "fiscalDateEnding": "2020-12-31",
      "reportedCurrency": "USD",
      "grossProfit": "91840000000",
      "totalRevenue": "171760000000",
      "costOfRevenue": "79920000000",
      "costofGoodsAndServicesSold": "79920000000",
      "operatingIncome": "6405000000",
      "sellingGeneralAndAdministrative": "38039000000",
      "researchAndDevelopment": "1210000000",
      "operatingExpenses": "66555000000",
      "investmentIncomeNet": "None",
      "netInterestIncome": "-7925000000",
      "interestIncome": "7830000000",
      "interestExpense": "7925000000",
      "nonInterestIncome": "None",
      "otherNonOperatingIncome": "-1336000000",
      "depreciation": "None",
      "depreciationAndAmortization": "28516000000",
      "incomeBeforeTax": "-2856000000",
      "incomeTaxExpense": "965000000",
      "interestAndDebtExpense": "None",
      "netIncomeFromContinuingOperations": "-3821000000",
      "comprehensiveIncomeNetOfTax": "None",
      "ebit": "5054000000",
      "ebitda": "33570000000",
      "netIncome": "-5176000000"
    },
    {
      "fiscalDateEnding": "2019-12-31",
      "reportedCurrency": "USD",
      "grossProfit": "97052000000",
      "totalRevenue": "181193000000",
      "costOfRevenue": "84141000000",
      "costofGoodsAndServicesSold": "84141000000",
      "operatingIncome": "27955000000",
      "sellingGeneralAndAdministrative": "33297000000",
      "researchAndDevelopment": "1276000000",
      "operatingExpenses": "67639000000",
      "investmentIncomeNet": "None",
      "netInterestIncome": "-8422000000",
      "interestIncome": "8215000000",
      "interestExpense": "8422000000",
      "nonInterestIncome": "None",
      "otherNonOperatingIncome": "-1077000000",
      "depreciation": "None",
      "depreciationAndAmortization": "28217000000",
      "incomeBeforeTax": "18468000000",
      "incomeTaxExpense": "3493000000",
      "interestAndDebtExpense": "None",
      "netIncomeFromContinuingOperations": "14975000000",
      "comprehensiveIncomeNetOfTax": "None",
      "ebit": "26872000000",
      "ebitda": "55089000000",
      "netIncome": "13903000000"
    },
    {
      "fiscalDateEnding": "2018-12-31",
      "reportedCurrency": "USD",
      "grossProfit": "91337000000",
      "totalRevenue": "170756000000",
      "costOfRevenue": "79419000000",
      "costofGoodsAndServicesSold": "79419000000",
      "operatingIncome": "26096000000",
      "sellingGeneralAndAdministrative": "36765000000",
      "researchAndDevelopment": "1194000000",
      "operatingExpenses": "65195000000",
      "investmentIncomeNet": "None",
      "netInterestIncome": "-7957000000",
      "interestIncome": "8185000000",
      "interestExpense": "7957000000",
      "nonInterestIncome": "None",
      "otherNonOperatingIncome": "6734000000",
      "depreciation": "None",
      "depreciationAndAmortization": "28430000000",
      "incomeBeforeTax": "24873000000",
      "incomeTaxExpense": "4920000000",
      "interestAndDebtExpense": "None",
      "netIncomeFromContinuingOperations": "19953000000",
      "comprehensiveIncomeNetOfTax": "None",
      "ebit": "32785000000",
      "ebitda": "61215000000",
      "netIncome": "19370000000"
    },
    {
      "fiscalDateEnding": "2017-12-31",
      "reportedCurrency": "USD",
      "grossProfit": "82736000000",
      "totalRevenue": "160546000000",
      "costOfRevenue": "77810000000",
      "costofGoodsAndServicesSold": "77810000000",
      "operatingIncome": "19970000000",
      "sellingGeneralAndAdministrative": "34917000000",
      "researchAndDevelopment": "1503000000",
      "operatingExpenses": "59852000000",
      "investmentIncomeNet": "None",
      "netInterestIncome": "-6300000000",
      "interestIncome": "6405000000",
      "interestExpense": "6300000000",
      "nonInterestIncome": "None",
      "otherNonOperatingIncome": "490000000",
      "depreciation": "None",
      "depreciationAndAmortization": "24387000000",
      "incomeBeforeTax": "15139000000",
      "incomeTaxExpense": "-14708000000",
      "interestAndDebtExpense": "None",
      "netIncomeFromContinuingOperations": "29847000000",
      "comprehensiveIncomeNetOfTax": "None",
      "ebit": "21418000000",
      "ebitda": "45805000000",
      "netIncome": "29450000000"
    },
    {
      "fiscalDateEnding": "2016-12-31",
      "reportedCurrency": "USD",
      "grossProfit": "86596000000",
      "totalRevenue": "163786000000",
      "costOfRevenue": "77190000000",
      "costofGoodsAndServicesSold": "77190000000",
      "operatingIncome": "23543000000",
      "sellingGeneralAndAdministrative": "36347000000",
      "researchAndDevelopment": "1649000000",
      "operatingExpenses": "62692000000",
      "investmentIncomeNet": "None",
      "netInterestIncome": "-4910000000",
      "interestIncome": "4694000000",
      "interestExpense": "4910000000",
      "nonInterestIncome": "None",
      "otherNonOperatingIncome": "375000000",
      "depreciation": "None",
      "depreciationAndAmortization": "25847000000",
      "incomeBeforeTax": "19812000000",
      "incomeTaxExpense": "6479000000",
      "interestAndDebtExpense": "None",
      "netIncomeFromContinuingOperations": "13333000000",
      "comprehensiveIncomeNetOfTax": "None",
      "ebit": "24701000000",
      "ebitda": "50548000000",
      "netIncome": "12976000000"
    },
    {
      "fiscalDateEnding": "2015-12-31",
      "reportedCurrency": "USD",
      "grossProfit": "79755000000",
      "totalRevenue": "146801000000",
      "costOfRevenue": "67046000000",
      "costofGoodsAndServicesSold": "67046000000",
      "operatingIncome": "24785000000",
      "sellingGeneralAndAdministrative": "32954000000",
      "researchAndDevelopment": "1693000000",
      "operatingExpenses": "54935000000",
      "investmentIncomeNet": "None",
      "netInterestIncome": "None",
      "interestIncome": "4041000000",
      "interestExpense": "4120000000",
      "nonInterestIncome": "None",
      "otherNonOperatingIncome": "27000000",
      "depreciation": "None",
      "depreciationAndAmortization": "22016000000",
      "incomeBeforeTax": "20692000000",
      "incomeTaxExpense": "7005000000",
      "interestAndDebtExpense": "None",
      "netIncomeFromContinuingOperations": "13687000000",
      "comprehensiveIncomeNetOfTax": "None",
      "ebit": "24792000000",
      "ebitda": "46808000000",
      "netIncome": "13345000000"
    },
    {
      "fiscalDateEnding": "2014-12-31",
      "reportedCurrency": "USD",
      "grossProfit": "72302000000",
      "totalRevenue": "132447000000",
      "costOfRevenue": "60145000000",
      "costofGoodsAndServicesSold": "60145000000",
      "operatingIncome": "12212000000",
      "sellingGeneralAndAdministrative": "39697000000",
      "researchAndDevelopment": "1730000000",
      "operatingExpenses": "57970000000",
      "investmentIncomeNet": "None",
      "netInterestIncome": "None",
      "interestIncome": "None",
      "interestExpense": "3613000000",
      "nonInterestIncome": "None",
      "otherNonOperatingIncome": "1827000000",
      "depreciation": "None",
      "depreciationAndAmortization": "18273000000",
      "incomeBeforeTax": "10355000000",
      "incomeTaxExpense": "3619000000",
      "interestAndDebtExpense": "None",
      "netIncomeFromContinuingOperations": "6518000000",
      "comprehensiveIncomeNetOfTax": "None",
      "ebit": "13529000000",
      "ebitda": "31802000000",
      "netIncome": "6442000000"
    },
    {
      "fiscalDateEnding": "2013-12-31",
      "reportedCurrency": "USD",
      "grossProfit": "77561000000",
      "totalRevenue": "128752000000",
      "costOfRevenue": "51191000000",
      "costofGoodsAndServicesSold": "51191000000",
      "operatingIncome": "30752000000",
      "sellingGeneralAndAdministrative": "28414000000",
      "researchAndDevelopment": "1488000000",
      "operatingExpenses": "46809000000",
      "investmentIncomeNet": "None",
      "netInterestIncome": "None",
      "interestIncome": "None",
      "interestExpense": "3940000000",
      "nonInterestIncome": "None",
      "otherNonOperatingIncome": "1238000000",
      "depreciation": "None",
      "depreciationAndAmortization": "18395000000",
      "incomeBeforeTax": "28050000000",
      "incomeTaxExpense": "9328000000",
      "interestAndDebtExpense": "None",
      "netIncomeFromContinuingOperations": "18553000000",
      "comprehensiveIncomeNetOfTax": "None",
      "ebit": "31671000000",
      "ebitda": "50066000000",
      "netIncome": "18418000000"
    },
    {
      "fiscalDateEnding": "2012-12-31",
      "reportedCurrency": "USD",
      "grossProfit": "72206000000",
      "totalRevenue": "127434000000",
      "costOfRevenue": "55228000000",
      "costofGoodsAndServicesSold": "55228000000",
      "operatingIncome": "12997000000",
      "sellingGeneralAndAdministrative": "41079000000",
      "researchAndDevelopment": "1278000000",
      "operatingExpenses": "59209000000",
      "investmentIncomeNet": "None",
      "netInterestIncome": "None",
      "interestIncome": "None",
      "interestExpense": "3444000000",
      "nonInterestIncome": "None",
      "otherNonOperatingIncome": "886000000",
      "depreciation": "None",
      "depreciationAndAmortization": "18143000000",
      "incomeBeforeTax": "10439000000",
      "incomeTaxExpense": "2900000000",
      "interestAndDebtExpense": "None",
      "netIncomeFromContinuingOperations": "7539000000",
      "comprehensiveIncomeNetOfTax": "None",
      "ebit": "13840000000",
      "ebitda": "31983000000",
      "netIncome": "7264000000"
    },
    {
      "fiscalDateEnding": "2011-12-31",
      "reportedCurrency": "USD",
      "grossProfit": "71819000000",
      "totalRevenue": "126723000000",
      "costOfRevenue": "54904000000",
      "costofGoodsAndServicesSold": "54904000000",
      "operatingIncome": "9218000000",
      "sellingGeneralAndAdministrative": "38844000000",
      "researchAndDevelopment": "1197000000",
      "operatingExpenses": "59691000000",
      "investmentIncomeNet": "None",
      "netInterestIncome": "None",
      "interestIncome": "None",
      "interestExpense": "3535000000",
      "nonInterestIncome": "None",
      "otherNonOperatingIncome": "None",
      "depreciation": "None",
      "depreciationAndAmortization": "18377000000",
      "incomeBeforeTax": "6716000000",
      "incomeTaxExpense": "2532000000",
      "interestAndDebtExpense": "None",
      "netIncomeFromContinuingOperations": "None",
      "comprehensiveIncomeNetOfTax": "None",
      "ebit": "10228000000",
      "ebitda": "28605000000",
      "netIncome": "3944000000"
    },
    {
      "fiscalDateEnding": "2010-12-31",
      "reportedCurrency": "USD",
      "grossProfit": "74023000000",
      "totalRevenue": "124280000000",
      "costOfRevenue": "50257000000",
      "costofGoodsAndServicesSold": "50257000000",
      "operatingIncome": "19573000000",
      "sellingGeneralAndAdministrative": "33065000000",
      "researchAndDevelopment": "1345000000",
      "operatingExpenses": "54365000000",
      "investmentIncomeNet": "None",
      "netInterestIncome": "None",
      "interestIncome": "None",
      "interestExpense": "2994000000",
      "nonInterestIncome": "None",
      "otherNonOperatingIncome": "1659000000",
      "depreciation": "None",
      "depreciationAndAmortization": "19379000000",
      "incomeBeforeTax": "18238000000",
      "incomeTaxExpense": "-1162000000",
      "interestAndDebtExpense": "None",
      "netIncomeFromContinuingOperations": "19400000000",
      "comprehensiveIncomeNetOfTax": "None",
      "ebit": "21213000000",
      "ebitda": "40592000000",
      "netIncome": "19864000000"
    },
    {
      "fiscalDateEnding": "2009-12-31",
      "reportedCurrency": "USD",
      "grossProfit": "71874000000",
      "totalRevenue": "122513000000",
      "costOfRevenue": "50639000000",
      "costofGoodsAndServicesSold": "50639000000",
      "operatingIncome": "21000000000",
      "sellingGeneralAndAdministrative": "31407000000",
      "researchAndDevelopment": "986000000",
      "operatingExpenses": "50874000000",
      "investmentIncomeNet": "None",
      "netInterestIncome": "None",
      "interestIncome": "None",
      "interestExpense": "3368000000",
      "nonInterestIncome": "None",
      "otherNonOperatingIncome": "None",
      "depreciation": "None",
      "depreciationAndAmortization": "19515000000",
      "incomeBeforeTax": "18518000000",
      "incomeTaxExpense": "6091000000",
      "interestAndDebtExpense": "None",
      "netIncomeFromContinuingOperations": "None",
      "comprehensiveIncomeNetOfTax": "None",
      "ebit": "21863000000",
      "ebitda": "41378000000",
      "netIncome": "12138000000"
    },
    {
      "fiscalDateEnding": "2008-12-31",
      "reportedCurrency": "USD",
      "grossProfit": "66755000000",
      "totalRevenue": "123443000000",
      "costOfRevenue": "56688000000",
      "costofGoodsAndServicesSold": "56688000000",
      "operatingIncome": "-1690000000",
      "sellingGeneralAndAdministrative": "31187000000",
      "researchAndDevelopment": "832000000",
      "operatingExpenses": "68445000000",
      "investmentIncomeNet": "None",
      "netInterestIncome": "None",
      "interestIncome": "None",
      "interestExpense": "3369000000",
      "nonInterestIncome": "None",
      "otherNonOperatingIncome": "None",
      "depreciation": "None",
      "depreciationAndAmortization": "19673000000",
      "incomeBeforeTax": "-4572000000",
      "incomeTaxExpense": "-2210000000",
      "interestAndDebtExpense": "None",
      "netIncomeFromContinuingOperations": "None",
      "comprehensiveIncomeNetOfTax": "None",
      "ebit": "-1203000000",
      "ebitda": "18470000000",
      "netIncome": "-2625000000"
    },
    {
      "fiscalDateEnding": "2007-12-31",
      "reportedCurrency": "USD",
      "grossProfit": "72127000000",
      "totalRevenue": "118928000000",
      "costOfRevenue": "46801000000",
      "costofGoodsAndServicesSold": "46801000000",
      "operatingIncome": "20404000000",
      "sellingGeneralAndAdministrative": "30892000000",
      "researchAndDevelopment": "985000000",
      "operatingExpenses": "51723000000",
      "investmentIncomeNet": "None",
      "netInterestIncome": "None",
      "interestIncome": "None",
      "interestExpense": "3507000000",
      "nonInterestIncome": "None",
      "otherNonOperatingIncome": "None",
      "depreciation": "None",
      "depreciationAndAmortization": "21577000000",
      "incomeBeforeTax": "18399000000",
      "incomeTaxExpense": "6252000000",
      "interestAndDebtExpense": "None",
      "netIncomeFromContinuingOperations": "None",
      "comprehensiveIncomeNetOfTax": "None",
      "ebit": "21907000000",
      "ebitda": "43484000000",
      "netIncome": "11951000000"
    },
    {
      "fiscalDateEnding": "2006-12-31",
      "reportedCurrency": "USD",
      "grossProfit": "34201000000",
      "totalRevenue": "63055000000",
      "costOfRevenue": "28854000000",
      "costofGoodsAndServicesSold": "28854000000",
      "operatingIncome": "10288000000",
      "sellingGeneralAndAdministrative": "15511000000",
      "researchAndDevelopment": "223000000",
      "operatingExpenses": "23913000000",
      "investmentIncomeNet": "None",
      "netInterestIncome": "None",
      "interestIncome": "None",
      "interestExpense": "1843000000",
      "nonInterestIncome": "None",
      "otherNonOperatingIncome": "None",
      "depreciation": "None",
      "depreciationAndAmortization": "9907000000",
      "incomeBeforeTax": "10881000000",
      "incomeTaxExpense": "3525000000",
      "interestAndDebtExpense": "None",
      "netIncomeFromContinuingOperations": "None",
      "comprehensiveIncomeNetOfTax": "None",
      "ebit": "12724000000",
      "ebitda": "22631000000",
      "netIncome": "7356000000"
    },
    {
      "fiscalDateEnding": "2005-12-31",
      "reportedCurrency": "USD",
      "grossProfit": "24591000000",
      "totalRevenue": "43764000000",
      "costOfRevenue": "19173000000",
      "costofGoodsAndServicesSold": "19173000000",
      "operatingIncome": "6168000000",
      "sellingGeneralAndAdministrative": "10861000000",
      "researchAndDevelopment": "130000000",
      "operatingExpenses": "18423000000",
      "investmentIncomeNet": "None",
      "netInterestIncome": "None",
      "interestIncome": "None",
      "interestExpense": "1456000000",
      "nonInterestIncome": "None",
      "otherNonOperatingIncome": "None",
      "depreciation": "None",
      "depreciationAndAmortization": "7643000000",
      "incomeBeforeTax": "5718000000",
      "incomeTaxExpense": "932000000",
      "interestAndDebtExpense": "None",
      "netIncomeFromContinuingOperations": "None",
      "comprehensiveIncomeNetOfTax": "None",
      "ebit": "7174000000",
      "ebitda": "14817000000",
      "netIncome": "4786000000"
    }
  ],
  "quarterlyReports": [
    {
      "fiscalDateEnding": "2025-03-31",
      "reportedCurrency": "USD",
      "grossProfit": "24287000000",
      "totalRevenue": "30626000000",
      "costOfRevenue": "6339000000",
      "costofGoodsAndServicesSold": "6339000000",
      "operatingIncome": "5754000000",
      "sellingGeneralAndAdministrative": "7145000000",
      "researchAndDevelopment": "None",
      "operatingExpenses": "18533000000",
      "investmentIncomeNet": "None",
      "netInterestIncome": "-1658000000",
      "interestIncome": "None",
      "interestExpense": "1658000000",
      "nonInterestIncome": "None",
      "otherNonOperatingIncome": "None",
      "depreciation": "None",
      "depreciationAndAmortization": "5190000000",
      "incomeBeforeTax": "5991000000",
      "incomeTaxExpense": "1299000000",
      "interestAndDebtExpense": "None",
      "netIncomeFromContinuingOperations": "4692000000",
      "comprehensiveIncomeNetOfTax": "None",
      "ebit": "7601000000",
      "ebitda": "12791000000",
      "netIncome": "4351000000"
    },
    {
      "fiscalDateEnding": "2024-12-31",
      "reportedCurrency": "USD",
      "grossProfit": "18103000000",
      "totalRevenue": "32298000000",
      "costOfRevenue": "14195000000",
      "costofGoodsAndServicesSold": "14195000000",
      "operatingIncome": "5326000000",
      "sellingGeneralAndAdministrative": "7389000000",
      "researchAndDevelopment": "None",
      "operatingExpenses": "12777000000",
      "investmentIncomeNet": "None",
      "netInterestIncome": "-1661000000",
      "interestIncome": "None",
      "interestExpense": "1661000000",
      "nonInterestIncome": "None",
      "otherNonOperatingIncome": "None",
      "depreciation": "None",
      "depreciationAndAmortization": "5374000000",
      "incomeBeforeTax": "5308000000",
      "incomeTaxExpense": "900000000",
      "interestAndDebtExpense": "None",
      "netIncomeFromContinuingOperations": "4408000000",
      "comprehensiveIncomeNetOfTax": "None",
      "ebit": "6969000000",
      "ebitda": "12343000000",
      "netIncome": "4080000000"
    },
    {
      "fiscalDateEnding": "2024-09-30",
      "reportedCurrency": "USD",
      "grossProfit": "18583000000",
      "totalRevenue": "30213000000",
      "costOfRevenue": "11630000000",
      "costofGoodsAndServicesSold": "11630000000",
      "operatingIncome": "2116000000",
      "sellingGeneralAndAdministrative": "6958000000",
      "researchAndDevelopment": "None",
      "operatingExpenses": "16467000000",
      "investmentIncomeNet": "None",
      "netInterestIncome": "-1675000000",
      "interestIncome": "None",
      "interestExpense": "1675000000",
      "nonInterestIncome": "None",
      "otherNonOperatingIncome": "None",
      "depreciation": "None",
      "depreciationAndAmortization": "5087000000",
      "incomeBeforeTax": "1430000000",
      "incomeTaxExpense": "1285000000",
      "interestAndDebtExpense": "None",
      "netIncomeFromContinuingOperations": "145000000",
      "comprehensiveIncomeNetOfTax": "None",
      "ebit": "3090000000",
      "ebitda": "8177000000",
      "netIncome": "-174000000"
    },
    {
      "fiscalDateEnding": "2024-06-30",
      "reportedCurrency": "USD",
      "grossProfit": "18355000000",
      "totalRevenue": "29797000000",
      "costOfRevenue": "11442000000",
      "costofGoodsAndServicesSold": "11442000000",
      "operatingIncome": "6294000000",
      "sellingGeneralAndAdministrative": "7043000000",
      "researchAndDevelopment": "None",
      "operatingExpenses": "12115000000",
      "investmentIncomeNet": "None",
      "netInterestIncome": "-1699000000",
      "interestIncome": "None",
      "interestExpense": "1699000000",
      "nonInterestIncome": "None",
      "otherNonOperatingIncome": "None",
      "depreciation": "None",
      "depreciationAndAmortization": "5072000000",
      "incomeBeforeTax": "5091000000",
      "incomeTaxExpense": "1142000000",
      "interestAndDebtExpense": "None",
      "netIncomeFromContinuingOperations": "3949000000",
      "comprehensiveIncomeNetOfTax": "None",
      "ebit": "6837000000",
      "ebitda": "11909000000",
      "netIncome": "3597000000"
    },
    {
      "fiscalDateEnding": "2024-03-31",
      "reportedCurrency": "USD",
      "grossProfit": "18074000000",
      "totalRevenue": "30028000000",
      "costOfRevenue": "11954000000",
      "costofGoodsAndServicesSold": "11954000000",
      "operatingIncome": "5847000000",
      "sellingGeneralAndAdministrative": "7021000000",
      "researchAndDevelopment": "None",
      "operatingExpenses": "12068000000",
      "investmentIncomeNet": "None",
      "netInterestIncome": "-1724000000",
      "interestIncome": "None",
      "interestExpense": "1724000000",
      "nonInterestIncome": "None",
      "otherNonOperatingIncome": "None",
      "depreciation": "None",
      "depreciationAndAmortization": "5047000000",
      "incomeBeforeTax": "4869000000",
      "incomeTaxExpense": "1118000000",
      "interestAndDebtExpense": "None",
      "netIncomeFromContinuingOperations": "3751000000",
      "comprehensiveIncomeNetOfTax": "None",
      "ebit": "6604000000",
      "ebitda": "11651000000",
      "netIncome": "3445000000"
    },
    {
      "fiscalDateEnding": "2023-12-31",
      "reportedCurrency": "USD",
      "grossProfit": "18111000000",
      "totalRevenue": "32022000000",
      "costOfRevenue": "13911000000",
      "costofGoodsAndServicesSold": "13911000000",
      "operatingIncome": "5271000000",
      "sellingGeneralAndAdministrative": "7485000000",
      "researchAndDevelopment": "954000000",
      "operatingExpenses": "12251000000",
      "investmentIncomeNet": "None",
      "netInterestIncome": "-1726000000",
      "interestIncome": "None",
      "interestExpense": "1726000000",
      "nonInterestIncome": "None",
      "otherNonOperatingIncome": "None",
      "depreciation": "None",
      "depreciationAndAmortization": "4766000000",
      "incomeBeforeTax": "2936000000",
      "incomeTaxExpense": "354000000",
      "interestAndDebtExpense": "None",
      "netIncomeFromContinuingOperations": "2582000000",
      "comprehensiveIncomeNetOfTax": "None",
      "ebit": "4662000000",
      "ebitda": "9428000000",
      "netIncome": "2188000000"
    },
    {
      "fiscalDateEnding": "2023-09-30",
      "reportedCurrency": "USD",
      "grossProfit": "18296000000",
      "totalRevenue": "30350000000",
      "costOfRevenue": "12054000000",
      "costofGoodsAndServicesSold": "12054000000",
      "operatingIncome": "5782000000",
      "sellingGeneralAndAdministrative": "7205000000",
      "researchAndDevelopment": "None",
      "operatingExpenses": "11910000000",
      "investmentIncomeNet": "None",
      "netInterestIncome": "-1662000000",
      "interestIncome": "1242000000",
      "interestExpense": "1662000000",
      "nonInterestIncome": "None",
      "otherNonOperatingIncome": "None",
      "depreciation": "None",
      "depreciationAndAmortization": "4705000000",
      "incomeBeforeTax": "4980000000",
      "incomeTaxExpense": "1154000000",
      "interestAndDebtExpense": "None",
      "netIncomeFromContinuingOperations": "3826000000",
      "comprehensiveIncomeNetOfTax": "None",
      "ebit": "7209000000",
      "ebitda": "11914000000",
      "netIncome": "3495000000"
    },
    {
      "fiscalDateEnding": "2023-06-30",
      "reportedCurrency": "USD",
      "grossProfit": "18090000000",
      "totalRevenue": "29917000000",
      "costOfRevenue": "11827000000",
      "costofGoodsAndServicesSold": "11827000000",
      "operatingIncome": "6406000000",
      "sellingGeneralAndAdministrative": "7009000000",
      "researchAndDevelopment": "None",
      "operatingExpenses": "11684000000",
      "investmentIncomeNet": "None",
      "netInterestIncome": "-1608000000",
      "interestIncome": "1228000000",
      "interestExpense": "1608000000",
      "nonInterestIncome": "None",
      "otherNonOperatingIncome": "1367000000",
      "depreciation": "None",
      "depreciationAndAmortization": "4675000000",
      "incomeBeforeTax": "6165000000",
      "incomeTaxExpense": "1403000000",
      "interestAndDebtExpense": "None",
      "netIncomeFromContinuingOperations": "4762000000",
      "comprehensiveIncomeNetOfTax": "None",
      "ebit": "7279000000",
      "ebitda": "11954000000",
      "netIncome": "4489000000"
    },
    {
      "fiscalDateEnding": "2023-03-31",
      "reportedCurrency": "USD",
      "grossProfit": "17808000000",
      "totalRevenue": "30139000000",
      "costOfRevenue": "12331000000",
      "costofGoodsAndServicesSold": "12331000000",
      "operatingIncome": "6002000000",
      "sellingGeneralAndAdministrative": "7175000000",
      "researchAndDevelopment": "None",
      "operatingExpenses": "11806000000",
      "investmentIncomeNet": "None",
      "netInterestIncome": "-1708000000",
      "interestIncome": "1170000000",
      "interestExpense": "1708000000",
      "nonInterestIncome": "None",
      "otherNonOperatingIncome": "1473000000",
      "depreciation": "None",
      "depreciationAndAmortization": "4631000000",
      "incomeBeforeTax": "5767000000",
      "incomeTaxExpense": "1314000000",
      "interestAndDebtExpense": "None",
      "netIncomeFromContinuingOperations": "4453000000",
      "comprehensiveIncomeNetOfTax": "None",
      "ebit": "6799000000",
      "ebitda": "11430000000",
      "netIncome": "4228000000"
    },
    {
      "fiscalDateEnding": "2022-12-31",
      "reportedCurrency": "USD",
      "grossProfit": "17772000000",
      "totalRevenue": "31343000000",
      "costOfRevenue": "13571000000",
      "costofGoodsAndServicesSold": "13571000000",
      "operatingIncome": "-21092000000",
      "sellingGeneralAndAdministrative": "7516000000",
      "researchAndDevelopment": "1236000000",
      "operatingExpenses": "12111000000",
      "investmentIncomeNet": "None",
      "netInterestIncome": "-1560000000",
      "interestIncome": "1186000000",
      "interestExpense": "1560000000",
      "nonInterestIncome": "None",
      "otherNonOperatingIncome": "-555000000",
      "depreciation": "None",
      "depreciationAndAmortization": "4595000000",
      "incomeBeforeTax": "-23197000000",
      "incomeTaxExpense": "-77000000",
      "interestAndDebtExpense": "None",
      "netIncomeFromContinuingOperations": "-23120000000",
      "comprehensiveIncomeNetOfTax": "None",
      "ebit": "-21555000000",
      "ebitda": "-16960000000",
      "netIncome": "-23517000000"
    },
    {
      "fiscalDateEnding": "2022-09-30",
      "reportedCurrency": "USD",
      "grossProfit": "17842000000",
      "totalRevenue": "30043000000",
      "costOfRevenue": "12201000000",
      "costofGoodsAndServicesSold": "12201000000",
      "operatingIncome": "6012000000",
      "sellingGeneralAndAdministrative": "7202000000",
      "researchAndDevelopment": "None",
      "operatingExpenses": "11716000000",
      "investmentIncomeNet": "None",
      "netInterestIncome": "-1420000000",
      "interestIncome": "1028000000",
      "interestExpense": "1420000000",
      "nonInterestIncome": "None",
      "otherNonOperatingIncome": "2662000000",
      "depreciation": "None",
      "depreciationAndAmortization": "4514000000",
      "incomeBeforeTax": "7254000000",
      "incomeTaxExpense": "908000000",
      "interestAndDebtExpense": "None",
      "netIncomeFromContinuingOperations": "6346000000",
      "comprehensiveIncomeNetOfTax": "None",
      "ebit": "8363000000",
      "ebitda": "12877000000",
      "netIncome": "6026000000"
    },
    {
      "fiscalDateEnding": "2022-06-30",
      "reportedCurrency": "USD",
      "grossProfit": "17302000000",
      "totalRevenue": "29643000000",
      "costOfRevenue": "12341000000",
      "costofGoodsAndServicesSold": "12341000000",
      "operatingIncome": "4956000000",
      "sellingGeneralAndAdministrative": "7265000000",
      "researchAndDevelopment": "None",
      "operatingExpenses": "11715000000",
      "investmentIncomeNet": "None",
      "netInterestIncome": "-1502000000",
      "interestIncome": "1194000000",
      "interestExpense": "1502000000",
      "nonInterestIncome": "None",
      "otherNonOperatingIncome": "2806000000",
      "depreciation": "None",
      "depreciationAndAmortization": "4450000000",
      "incomeBeforeTax": "6260000000",
      "incomeTaxExpense": "1509000000",
      "interestAndDebtExpense": "None",
      "netIncomeFromContinuingOperations": "4751000000",
      "comprehensiveIncomeNetOfTax": "None",
      "ebit": "7905000000",
      "ebitda": "12355000000",
      "netIncome": "4157000000"
    },
    {
      "fiscalDateEnding": "2022-03-31",
      "reportedCurrency": "USD",
      "grossProfit": "16977000000",
      "totalRevenue": "29712000000",
      "costOfRevenue": "12735000000",
      "costofGoodsAndServicesSold": "12735000000",
      "operatingIncome": "5537000000",
      "sellingGeneralAndAdministrative": "9368000000",
      "researchAndDevelopment": "None",
      "operatingExpenses": "11440000000",
      "investmentIncomeNet": "None",
      "netInterestIncome": "-1722000000",
      "interestIncome": "1193000000",
      "interestExpense": "1626000000",
      "nonInterestIncome": "None",
      "otherNonOperatingIncome": "2688000000",
      "depreciation": "None",
      "depreciationAndAmortization": "5539000000",
      "incomeBeforeTax": "6589000000",
      "incomeTaxExpense": "1440000000",
      "interestAndDebtExpense": "None",
      "netIncomeFromContinuingOperations": "5164000000",
      "comprehensiveIncomeNetOfTax": "None",
      "ebit": "7138000000",
      "ebitda": "12677000000",
      "netIncome": "4810000000"
    },
    {
      "fiscalDateEnding": "2021-12-31",
      "reportedCurrency": "USD",
      "grossProfit": "21163000000",
      "totalRevenue": "40958000000",
      "costOfRevenue": "19795000000",
      "costofGoodsAndServicesSold": "19795000000",
      "operatingIncome": "5496000000",
      "sellingGeneralAndAdministrative": "10009000000",
      "researchAndDevelopment": "1325000000",
      "operatingExpenses": "15667000000",
      "investmentIncomeNet": "None",
      "netInterestIncome": "-1663000000",
      "interestIncome": "1071000000",
      "interestExpense": "1663000000",
      "nonInterestIncome": "None",
      "otherNonOperatingIncome": "2801000000",
      "depreciation": "None",
      "depreciationAndAmortization": "5673000000",
      "incomeBeforeTax": "6446000000",
      "incomeTaxExpense": "1056000000",
      "interestAndDebtExpense": "None",
      "netIncomeFromContinuingOperations": "5390000000",
      "comprehensiveIncomeNetOfTax": "None",
      "ebit": "7762000000",
      "ebitda": "13435000000",
      "netIncome": "5043000000"
    },
    {
      "fiscalDateEnding": "2021-09-30",
      "reportedCurrency": "USD",
      "grossProfit": "17893000000",
      "totalRevenue": "31326000000",
      "costOfRevenue": "13433000000",
      "costofGoodsAndServicesSold": "13433000000",
      "operatingIncome": "6237000000",
      "sellingGeneralAndAdministrative": "9207000000",
      "researchAndDevelopment": "None",
      "operatingExpenses": "11551000000",
      "investmentIncomeNet": "None",
      "netInterestIncome": "-1667000000",
      "interestIncome": "1576000000",
      "interestExpense": "1627000000",
      "nonInterestIncome": "None",
      "otherNonOperatingIncome": "2370000000",
      "depreciation": "None",
      "depreciationAndAmortization": "5619000000",
      "incomeBeforeTax": "6315000000",
      "incomeTaxExpense": "1296000000",
      "interestAndDebtExpense": "None",
      "netIncomeFromContinuingOperations": "6273000000",
      "comprehensiveIncomeNetOfTax": "None",
      "ebit": "6885000000",
      "ebitda": "12504000000",
      "netIncome": "5918000000"
    },
    {
      "fiscalDateEnding": "2021-06-30",
      "reportedCurrency": "USD",
      "grossProfit": "19582000000",
      "totalRevenue": "35740000000",
      "costOfRevenue": "16158000000",
      "costofGoodsAndServicesSold": "16158000000",
      "operatingIncome": "7572000000",
      "sellingGeneralAndAdministrative": "9361000000",
      "researchAndDevelopment": "None",
      "operatingExpenses": "12010000000",
      "investmentIncomeNet": "None",
      "netInterestIncome": "-1684000000",
      "interestIncome": "1643000000",
      "interestExpense": "1640000000",
      "nonInterestIncome": "None",
      "otherNonOperatingIncome": "1040000000",
      "depreciation": "None",
      "depreciationAndAmortization": "5761000000",
      "incomeBeforeTax": "7120000000",
      "incomeTaxExpense": "1151000000",
      "interestAndDebtExpense": "None",
      "netIncomeFromContinuingOperations": "1874000000",
      "comprehensiveIncomeNetOfTax": "None",
      "ebit": "7428000000",
      "ebitda": "13189000000",
      "netIncome": "1570000000"
    },
    {
      "fiscalDateEnding": "2021-03-31",
      "reportedCurrency": "USD",
      "grossProfit": "22852000000",
      "totalRevenue": "43939000000",
      "costOfRevenue": "21087000000",
      "costofGoodsAndServicesSold": "21087000000",
      "operatingIncome": "7661000000",
      "sellingGeneralAndAdministrative": "9382000000",
      "researchAndDevelopment": "None",
      "operatingExpenses": "15191000000",
      "investmentIncomeNet": "None",
      "netInterestIncome": "-1870000000",
      "interestIncome": "1818000000",
      "interestExpense": "1870000000",
      "nonInterestIncome": "None",
      "otherNonOperatingIncome": "4273000000",
      "depreciation": "None",
      "depreciationAndAmortization": "5809000000",
      "incomeBeforeTax": "10064000000",
      "incomeTaxExpense": "2122000000",
      "interestAndDebtExpense": "None",
      "netIncomeFromContinuingOperations": "7942000000",
      "comprehensiveIncomeNetOfTax": "None",
      "ebit": "11279000000",
      "ebitda": "17088000000",
      "netIncome": "7550000000"
    },
    {
      "fiscalDateEnding": "2020-12-31",
      "reportedCurrency": "USD",
      "grossProfit": "22781000000",
      "totalRevenue": "45691000000",
      "costOfRevenue": "22910000000",
      "costofGoodsAndServicesSold": "22910000000",
      "operatingIncome": "5620000000",
      "sellingGeneralAndAdministrative": "10203000000",
      "researchAndDevelopment": "1210000000",
      "operatingExpenses": "17161000000",
      "investmentIncomeNet": "None",
      "netInterestIncome": "-1894000000",
      "interestIncome": "1638000000",
      "interestExpense": "1894000000",
      "nonInterestIncome": "None",
      "otherNonOperatingIncome": "None",
      "depreciation": "None",
      "depreciationAndAmortization": "6979000000",
      "incomeBeforeTax": "-15553000000",
      "incomeTaxExpense": "-2038000000",
      "interestAndDebtExpense": "None",
      "netIncomeFromContinuingOperations": "-13515000000",
      "comprehensiveIncomeNetOfTax": "None",
      "ebit": "-14027000000",
      "ebitda": "-7048000000",
      "netIncome": "-13883000000"
    },
    {
      "fiscalDateEnding": "2020-09-30",
      "reportedCurrency": "USD",
      "grossProfit": "22501000000",
      "totalRevenue": "42340000000",
      "costOfRevenue": "19839000000",
      "costofGoodsAndServicesSold": "19839000000",
      "operatingIncome": "6132000000",
      "sellingGeneralAndAdministrative": "9266000000",
      "researchAndDevelopment": "None",
      "operatingExpenses": "16296000000",
      "investmentIncomeNet": "None",
      "netInterestIncome": "-1972000000",
      "interestIncome": "1903000000",
      "interestExpense": "1972000000",
      "nonInterestIncome": "None",
      "otherNonOperatingIncome": "-226000000",
      "depreciation": "None",
      "depreciationAndAmortization": "7030000000",
      "incomeBeforeTax": "3934000000",
      "incomeTaxExpense": "766000000",
      "interestAndDebtExpense": "None",
      "netIncomeFromContinuingOperations": "3168000000",
      "comprehensiveIncomeNetOfTax": "None",
      "ebit": "7223000000",
      "ebitda": "14253000000",
      "netIncome": "2816000000"
    },
    {
      "fiscalDateEnding": "2020-06-30",
      "reportedCurrency": "USD",
      "grossProfit": "22967000000",
      "totalRevenue": "40950000000",
      "costOfRevenue": "17983000000",
      "costofGoodsAndServicesSold": "17983000000",
      "operatingIncome": "3532000000",
      "sellingGeneralAndAdministrative": "9831000000",
      "researchAndDevelopment": "None",
      "operatingExpenses": "17116000000",
      "investmentIncomeNet": "None",
      "netInterestIncome": "-2041000000",
      "interestIncome": "2051000000",
      "interestExpense": "2041000000",
      "nonInterestIncome": "None",
      "otherNonOperatingIncome": "1007000000",
      "depreciation": "None",
      "depreciationAndAmortization": "7285000000",
      "incomeBeforeTax": "2498000000",
      "incomeTaxExpense": "935000000",
      "interestAndDebtExpense": "None",
      "netIncomeFromContinuingOperations": "1563000000",
      "comprehensiveIncomeNetOfTax": "None",
      "ebit": "6871000000",
      "ebitda": "14156000000",
      "netIncome": "1281000000"
    },
    {
      "fiscalDateEnding": "2020-03-31",
      "reportedCurrency": "USD",
      "grossProfit": "23591000000",
      "totalRevenue": "42779000000",
      "costOfRevenue": "19188000000",
      "costofGoodsAndServicesSold": "19188000000",
      "operatingIncome": "7486000000",
      "sellingGeneralAndAdministrative": "8790000000",
      "researchAndDevelopment": "None",
      "operatingExpenses": "15982000000",
      "investmentIncomeNet": "None",
      "netInterestIncome": "-2018000000",
      "interestIncome": "2194000000",
      "interestExpense": "2018000000",
      "nonInterestIncome": "None",
      "otherNonOperatingIncome": "797000000",
      "depreciation": "None",
      "depreciationAndAmortization": "7222000000",
      "incomeBeforeTax": "6265000000",
      "incomeTaxExpense": "1302000000",
      "interestAndDebtExpense": "None",
      "netIncomeFromContinuingOperations": "4963000000",
      "comprehensiveIncomeNetOfTax": "None",
      "ebit": "8626000000",
      "ebitda": "15848000000",
      "netIncome": "4610000000"
    },
    {
      "fiscalDateEnding": "2019-12-31",
      "reportedCurrency": "USD",
      "grossProfit": "24085000000",
      "totalRevenue": "46821000000",
      "costOfRevenue": "22736000000",
      "costofGoodsAndServicesSold": "22736000000",
      "operatingIncome": "5321000000",
      "sellingGeneralAndAdministrative": "10345000000",
      "researchAndDevelopment": "1276000000",
      "operatingExpenses": "17306000000",
      "investmentIncomeNet": "None",
      "netInterestIncome": "-2049000000",
      "interestIncome": "2008000000",
      "interestExpense": "2049000000",
      "nonInterestIncome": "None",
      "otherNonOperatingIncome": "-146000000",
      "depreciation": "None",
      "depreciationAndAmortization": "6961000000",
      "incomeBeforeTax": "3138000000",
      "incomeTaxExpense": "434000000",
      "interestAndDebtExpense": "None",
      "netIncomeFromContinuingOperations": "2704000000",
      "comprehensiveIncomeNetOfTax": "None",
      "ebit": "5216000000",
      "ebitda": "12177000000",
      "netIncome": "2394000000"
    },
    {
      "fiscalDateEnding": "2019-09-30",
      "reportedCurrency": "USD",
      "grossProfit": "24434000000",
      "totalRevenue": "44588000000",
      "costOfRevenue": "20154000000",
      "costofGoodsAndServicesSold": "20154000000",
      "operatingIncome": "7901000000",
      "sellingGeneralAndAdministrative": "9584000000",
      "researchAndDevelopment": "None",
      "operatingExpenses": "16533000000",
      "investmentIncomeNet": "None",
      "netInterestIncome": "-2083000000",
      "interestIncome": "2067000000",
      "interestExpense": "2083000000",
      "nonInterestIncome": "None",
      "otherNonOperatingIncome": "-932000000",
      "depreciation": "None",
      "depreciationAndAmortization": "6949000000",
      "incomeBeforeTax": "4886000000",
      "incomeTaxExpense": "937000000",
      "interestAndDebtExpense": "None",
      "netIncomeFromContinuingOperations": "3949000000",
      "comprehensiveIncomeNetOfTax": "None",
      "ebit": "6780000000",
      "ebitda": "13729000000",
      "netIncome": "3700000000"
    },
    {
      "fiscalDateEnding": "2019-06-30",
      "reportedCurrency": "USD",
      "grossProfit": "24445000000",
      "totalRevenue": "44957000000",
      "costOfRevenue": "20512000000",
      "costofGoodsAndServicesSold": "20512000000",
      "operatingIncome": "7500000000",
      "sellingGeneralAndAdministrative": "9844000000",
      "researchAndDevelopment": "None",
      "operatingExpenses": "16945000000",
      "investmentIncomeNet": "None",
      "netInterestIncome": "-2149000000",
      "interestIncome": "2128000000",
      "interestExpense": "2149000000",
      "nonInterestIncome": "None",
      "otherNonOperatingIncome": "-278000000",
      "depreciation": "None",
      "depreciationAndAmortization": "7101000000",
      "incomeBeforeTax": "5073000000",
      "incomeTaxExpense": "1099000000",
      "interestAndDebtExpense": "None",
      "netIncomeFromContinuingOperations": "3974000000",
      "comprehensiveIncomeNetOfTax": "None",
      "ebit": "6493000000",
      "ebitda": "13594000000",
      "netIncome": "3713000000"
    },
    {
      "fiscalDateEnding": "2019-03-31",
      "reportedCurrency": "USD",
      "grossProfit": "24088000000",
      "totalRevenue": "44827000000",
      "costOfRevenue": "20739000000",
      "costofGoodsAndServicesSold": "20739000000",
      "operatingIncome": "7233000000",
      "sellingGeneralAndAdministrative": "9649000000",
      "researchAndDevelopment": "None",
      "operatingExpenses": "16855000000",
      "investmentIncomeNet": "None",
      "netInterestIncome": "-2141000000",
      "interestIncome": "None",
      "interestExpense": "2141000000",
      "nonInterestIncome": "None",
      "otherNonOperatingIncome": "279000000",
      "depreciation": "None",
      "depreciationAndAmortization": "7206000000",
      "incomeBeforeTax": "5371000000",
      "incomeTaxExpense": "1023000000",
      "interestAndDebtExpense": "None",
      "netIncomeFromContinuingOperations": "4348000000",
      "comprehensiveIncomeNetOfTax": "None",
      "ebit": "7432000000",
      "ebitda": "14638000000",
      "netIncome": "4096000000"
    },
    {
      "fiscalDateEnding": "2018-12-31",
      "reportedCurrency": "USD",
      "grossProfit": "24684000000",
      "totalRevenue": "47993000000",
      "costOfRevenue": "23309000000",
      "costofGoodsAndServicesSold": "23309000000",
      "operatingIncome": "6160000000",
      "sellingGeneralAndAdministrative": "10586000000",
      "researchAndDevelopment": "1194000000",
      "operatingExpenses": "18478000000",
      "investmentIncomeNet": "None",
      "netInterestIncome": "None",
      "interestIncome": "None",
      "interestExpense": "2112000000",
      "nonInterestIncome": "None",
      "otherNonOperatingIncome": "1697000000",
      "depreciation": "None",
      "depreciationAndAmortization": "7892000000",
      "incomeBeforeTax": "5745000000",
      "incomeTaxExpense": "615000000",
      "interestAndDebtExpense": "None",
      "netIncomeFromContinuingOperations": "5130000000",
      "comprehensiveIncomeNetOfTax": "None",
      "ebit": "7821000000",
      "ebitda": "15713000000",
      "netIncome": "4858000000"
    },
    {
      "fiscalDateEnding": "2018-09-30",
      "reportedCurrency": "USD",
      "grossProfit": "25033000000",
      "totalRevenue": "45739000000",
      "costOfRevenue": "20706000000",
      "costofGoodsAndServicesSold": "20706000000",
      "operatingIncome": "7269000000",
      "sellingGeneralAndAdministrative": "9598000000",
      "researchAndDevelopment": "0",
      "operatingExpenses": "17764000000",
      "investmentIncomeNet": "None",
      "netInterestIncome": "None",
      "interestIncome": "None",
      "interestExpense": "2051000000",
      "nonInterestIncome": "None",
      "otherNonOperatingIncome": "989000000",
      "depreciation": "None",
      "depreciationAndAmortization": "8166000000",
      "incomeBeforeTax": "6207000000",
      "incomeTaxExpense": "1391000000",
      "interestAndDebtExpense": "None",
      "netIncomeFromContinuingOperations": "4816000000",
      "comprehensiveIncomeNetOfTax": "None",
      "ebit": "7799000000",
      "ebitda": "15965000000",
      "netIncome": "4718000000"
    },
    {
      "fiscalDateEnding": "2018-06-30",
      "reportedCurrency": "USD",
      "grossProfit": "21528000000",
      "totalRevenue": "38986000000",
      "costOfRevenue": "17458000000",
      "costofGoodsAndServicesSold": "17458000000",
      "operatingIncome": "6466000000",
      "sellingGeneralAndAdministrative": "8684000000",
      "researchAndDevelopment": "0",
      "operatingExpenses": "15062000000",
      "investmentIncomeNet": "None",
      "netInterestIncome": "None",
      "interestIncome": "None",
      "interestExpense": "2023000000",
      "nonInterestIncome": "None",
      "otherNonOperatingIncome": "2337000000",
      "depreciation": "None",
      "depreciationAndAmortization": "6378000000",
      "incomeBeforeTax": "6780000000",
      "incomeTaxExpense": "1532000000",
      "interestAndDebtExpense": "None",
      "netIncomeFromContinuingOperations": "5248000000",
      "comprehensiveIncomeNetOfTax": "None",
      "ebit": "8814000000",
      "ebitda": "15192000000",
      "netIncome": "5132000000"
    },
    {
      "fiscalDateEnding": "2018-03-31",
      "reportedCurrency": "USD",
      "grossProfit": "20092000000",
      "totalRevenue": "38038000000",
      "costOfRevenue": "17946000000",
      "costofGoodsAndServicesSold": "17946000000",
      "operatingIncome": "6201000000",
      "sellingGeneralAndAdministrative": "7897000000",
      "researchAndDevelopment": "0",
      "operatingExpenses": "13891000000",
      "investmentIncomeNet": "None",
      "netInterestIncome": "None",
      "interestIncome": "None",
      "interestExpense": "1771000000",
      "nonInterestIncome": "None",
      "otherNonOperatingIncome": "1711000000",
      "depreciation": "None",
      "depreciationAndAmortization": "5994000000",
      "incomeBeforeTax": "6141000000",
      "incomeTaxExpense": "1382000000",
      "interestAndDebtExpense": "None",
      "netIncomeFromContinuingOperations": "4759000000",
      "comprehensiveIncomeNetOfTax": "None",
      "ebit": "7717000000",
      "ebitda": "13711000000",
      "netIncome": "4662000000"
    },
    {
      "fiscalDateEnding": "2017-12-31",
      "reportedCurrency": "USD",
      "grossProfit": "19344000000",
      "totalRevenue": "41676000000",
      "costOfRevenue": "22332000000",
      "costofGoodsAndServicesSold": "22332000000",
      "operatingIncome": "359000000",
      "sellingGeneralAndAdministrative": "10000000000",
      "researchAndDevelopment": "1503000000",
      "operatingExpenses": "16071000000",
      "investmentIncomeNet": "None",
      "netInterestIncome": "None",
      "interestIncome": "None",
      "interestExpense": "1926000000",
      "nonInterestIncome": "None",
      "otherNonOperatingIncome": "284000000",
      "depreciation": "None",
      "depreciationAndAmortization": "6071000000",
      "incomeBeforeTax": "-1283000000",
      "incomeTaxExpense": "-20419000000",
      "interestAndDebtExpense": "None",
      "netIncomeFromContinuingOperations": "19136000000",
      "comprehensiveIncomeNetOfTax": "None",
      "ebit": "637000000",
      "ebitda": "6708000000",
      "netIncome": "19037000000"
    },
    {
      "fiscalDateEnding": "2017-09-30",
      "reportedCurrency": "USD",
      "grossProfit": "20499000000",
      "totalRevenue": "39668000000",
      "costOfRevenue": "19169000000",
      "costofGoodsAndServicesSold": "19169000000",
      "operatingIncome": "5807000000",
      "sellingGeneralAndAdministrative": "8317000000",
      "researchAndDevelopment": "0",
      "operatingExpenses": "14692000000",
      "investmentIncomeNet": "None",
      "netInterestIncome": "None",
      "interestIncome": "None",
      "interestExpense": "1686000000",
      "nonInterestIncome": "None",
      "otherNonOperatingIncome": "257000000",
      "depreciation": "None",
      "depreciationAndAmortization": "6042000000",
      "incomeBeforeTax": "4974000000",
      "incomeTaxExpense": "1851000000",
      "interestAndDebtExpense": "None",
      "netIncomeFromContinuingOperations": "3123000000",
      "comprehensiveIncomeNetOfTax": "None",
      "ebit": "6407000000",
      "ebitda": "12449000000",
      "netIncome": "3029000000"
    },
    {
      "fiscalDateEnding": "2017-06-30",
      "reportedCurrency": "USD",
      "grossProfit": "21232000000",
      "totalRevenue": "39837000000",
      "costOfRevenue": "18605000000",
      "costofGoodsAndServicesSold": "18605000000",
      "operatingIncome": "6526000000",
      "sellingGeneralAndAdministrative": "8113000000",
      "researchAndDevelopment": "0",
      "operatingExpenses": "14706000000",
      "investmentIncomeNet": "None",
      "netInterestIncome": "None",
      "interestIncome": "None",
      "interestExpense": "1395000000",
      "nonInterestIncome": "None",
      "otherNonOperatingIncome": "142000000",
      "depreciation": "None",
      "depreciationAndAmortization": "6147000000",
      "incomeBeforeTax": "6070000000",
      "incomeTaxExpense": "2056000000",
      "interestAndDebtExpense": "None",
      "netIncomeFromContinuingOperations": "4014000000",
      "comprehensiveIncomeNetOfTax": "None",
      "ebit": "6867000000",
      "ebitda": "13014000000",
      "netIncome": "3915000000"
    },
    {
      "fiscalDateEnding": "2017-03-31",
      "reportedCurrency": "USD",
      "grossProfit": "21255000000",
      "totalRevenue": "39365000000",
      "costOfRevenue": "18110000000",
      "costofGoodsAndServicesSold": "18110000000",
      "operatingIncome": "6356000000",
      "sellingGeneralAndAdministrative": "8487000000",
      "researchAndDevelopment": "0",
      "operatingExpenses": "14899000000",
      "investmentIncomeNet": "None",
      "netInterestIncome": "None",
      "interestIncome": "None",
      "interestExpense": "1293000000",
      "nonInterestIncome": "None",
      "otherNonOperatingIncome": "-193000000",
      "depreciation": "None",
      "depreciationAndAmortization": "6127000000",
      "incomeBeforeTax": "5378000000",
      "incomeTaxExpense": "1804000000",
      "interestAndDebtExpense": "None",
      "netIncomeFromContinuingOperations": "3574000000",
      "comprehensiveIncomeNetOfTax": "None",
      "ebit": "7087000000",
      "ebitda": "13214000000",
      "netIncome": "3469000000"
    },
    {
      "fiscalDateEnding": "2016-12-31",
      "reportedCurrency": "USD",
      "grossProfit": "20722000000",
      "totalRevenue": "41841000000",
      "costOfRevenue": "21119000000",
      "costofGoodsAndServicesSold": "21119000000",
      "operatingIncome": "4248000000",
      "sellingGeneralAndAdministrative": "9984000000",
      "researchAndDevelopment": "1649000000",
      "operatingExpenses": "16113000000",
      "investmentIncomeNet": "None",
      "netInterestIncome": "None",
      "interestIncome": "None",
      "interestExpense": "1221000000",
      "nonInterestIncome": "None",
      "otherNonOperatingIncome": "None",
      "depreciation": "None",
      "depreciationAndAmortization": "6129000000",
      "incomeBeforeTax": "3191000000",
      "incomeTaxExpense": "676000000",
      "interestAndDebtExpense": "None",
      "netIncomeFromContinuingOperations": "-10991000000",
      "comprehensiveIncomeNetOfTax": "None",
      "ebit": "4406000000",
      "ebitda": "10535000000",
      "netIncome": "2437000000"
    },
    {
      "fiscalDateEnding": "2016-09-30",
      "reportedCurrency": "USD",
      "grossProfit": "22000000000",
      "totalRevenue": "40890000000",
      "costOfRevenue": "18890000000",
      "costofGoodsAndServicesSold": "18890000000",
      "operatingIncome": "6408000000",
      "sellingGeneralAndAdministrative": "9013000000",
      "researchAndDevelopment": "0",
      "operatingExpenses": "15592000000",
      "investmentIncomeNet": "None",
      "netInterestIncome": "None",
      "interestIncome": "None",
      "interestExpense": "1224000000",
      "nonInterestIncome": "None",
      "otherNonOperatingIncome": "9000000",
      "depreciation": "None",
      "depreciationAndAmortization": "6579000000",
      "incomeBeforeTax": "5193000000",
      "incomeTaxExpense": "1775000000",
      "interestAndDebtExpense": "None",
      "netIncomeFromContinuingOperations": "3418000000",
      "comprehensiveIncomeNetOfTax": "None",
      "ebit": "6408000000",
      "ebitda": "12987000000",
      "netIncome": "3328000000"
    },
    {
      "fiscalDateEnding": "2016-06-30",
      "reportedCurrency": "USD",
      "grossProfit": "22045000000",
      "totalRevenue": "40520000000",
      "costOfRevenue": "18475000000",
      "costofGoodsAndServicesSold": "18475000000",
      "operatingIncome": "6560000000",
      "sellingGeneralAndAdministrative": "8909000000",
      "researchAndDevelopment": "0",
      "operatingExpenses": "15485000000",
      "investmentIncomeNet": "None",
      "netInterestIncome": "None",
      "interestIncome": "None",
      "interestExpense": "1258000000",
      "nonInterestIncome": "None",
      "otherNonOperatingIncome": "119000000",
      "depreciation": "None",
      "depreciationAndAmortization": "6576000000",
      "incomeBeforeTax": "5421000000",
      "incomeTaxExpense": "1906000000",
      "interestAndDebtExpense": "None",
      "netIncomeFromContinuingOperations": "3515000000",
      "comprehensiveIncomeNetOfTax": "None",
      "ebit": "6560000000",
      "ebitda": "13136000000",
      "netIncome": "3408000000"
    },
    {
      "fiscalDateEnding": "2016-03-31",
      "reportedCurrency": "USD",
      "grossProfit": "22135000000",
      "totalRevenue": "40535000000",
      "costOfRevenue": "18400000000",
      "costofGoodsAndServicesSold": "18400000000",
      "operatingIncome": "7131000000",
      "sellingGeneralAndAdministrative": "8441000000",
      "researchAndDevelopment": "0",
      "operatingExpenses": "15004000000",
      "investmentIncomeNet": "None",
      "netInterestIncome": "None",
      "interestIncome": "None",
      "interestExpense": "1207000000",
      "nonInterestIncome": "None",
      "otherNonOperatingIncome": "83000000",
      "depreciation": "None",
      "depreciationAndAmortization": "6563000000",
      "incomeBeforeTax": "6007000000",
      "incomeTaxExpense": "2122000000",
      "interestAndDebtExpense": "None",
      "netIncomeFromContinuingOperations": "3885000000",
      "comprehensiveIncomeNetOfTax": "None",
      "ebit": "7426000000",
      "ebitda": "13989000000",
      "netIncome": "3803000000"
    },
    {
      "fiscalDateEnding": "2015-12-31",
      "reportedCurrency": "USD",
      "grossProfit": "22428000000",
      "totalRevenue": "42119000000",
      "costOfRevenue": "19691000000",
      "costofGoodsAndServicesSold": "19691000000",
      "operatingIncome": "7532000000",
      "sellingGeneralAndAdministrative": "8419000000",
      "researchAndDevelopment": "1693000000",
      "operatingExpenses": "14896000000",
      "investmentIncomeNet": "None",
      "netInterestIncome": "None",
      "interestIncome": "None",
      "interestExpense": "1143000000",
      "nonInterestIncome": "None",
      "otherNonOperatingIncome": "-82000000",
      "depreciation": "None",
      "depreciationAndAmortization": "6477000000",
      "incomeBeforeTax": "6307000000",
      "incomeTaxExpense": "2221000000",
      "interestAndDebtExpense": "None",
      "netIncomeFromContinuingOperations": "4187000000",
      "comprehensiveIncomeNetOfTax": "None",
      "ebit": "7450000000",
      "ebitda": "13927000000",
      "netIncome": "4006000000"
    },
    {
      "fiscalDateEnding": "2015-09-30",
      "reportedCurrency": "USD",
      "grossProfit": "21295000000",
      "totalRevenue": "39091000000",
      "costOfRevenue": "17796000000",
      "costofGoodsAndServicesSold": "17796000000",
      "operatingIncome": "5923000000",
      "sellingGeneralAndAdministrative": "9107000000",
      "researchAndDevelopment": "0",
      "operatingExpenses": "15372000000",
      "investmentIncomeNet": "None",
      "netInterestIncome": "None",
      "interestIncome": "None",
      "interestExpense": "1146000000",
      "nonInterestIncome": "None",
      "otherNonOperatingIncome": "-42000000",
      "depreciation": "None",
      "depreciationAndAmortization": "6265000000",
      "incomeBeforeTax": "4735000000",
      "incomeTaxExpense": "1657000000",
      "interestAndDebtExpense": "None",
      "netIncomeFromContinuingOperations": "3078000000",
      "comprehensiveIncomeNetOfTax": "None",
      "ebit": "6045000000",
      "ebitda": "12310000000",
      "netIncome": "2994000000"
    },
    {
      "fiscalDateEnding": "2015-06-30",
      "reportedCurrency": "USD",
      "grossProfit": "17936000000",
      "totalRevenue": "33015000000",
      "costOfRevenue": "15079000000",
      "costofGoodsAndServicesSold": "15079000000",
      "operatingIncome": "5773000000",
      "sellingGeneralAndAdministrative": "7467000000",
      "researchAndDevelopment": "0",
      "operatingExpenses": "12163000000",
      "investmentIncomeNet": "None",
      "netInterestIncome": "None",
      "interestIncome": "None",
      "interestExpense": "932000000",
      "nonInterestIncome": "None",
      "otherNonOperatingIncome": "81000000",
      "depreciation": "None",
      "depreciationAndAmortization": "4696000000",
      "incomeBeforeTax": "4922000000",
      "incomeTaxExpense": "1738000000",
      "interestAndDebtExpense": "None",
      "netIncomeFromContinuingOperations": "3146000000",
      "comprehensiveIncomeNetOfTax": "None",
      "ebit": "5773000000",
      "ebitda": "10469000000",
      "netIncome": "3082000000"
    },
    {
      "fiscalDateEnding": "2015-03-31",
      "reportedCurrency": "USD",
      "grossProfit": "18096000000",
      "totalRevenue": "32576000000",
      "costOfRevenue": "14480000000",
      "costofGoodsAndServicesSold": "14480000000",
      "operatingIncome": "5557000000",
      "sellingGeneralAndAdministrative": "7961000000",
      "researchAndDevelopment": "0",
      "operatingExpenses": "12539000000",
      "investmentIncomeNet": "None",
      "netInterestIncome": "None",
      "interestIncome": "None",
      "interestExpense": "899000000",
      "nonInterestIncome": "None",
      "otherNonOperatingIncome": "70000000",
      "depreciation": "None",
      "depreciationAndAmortization": "4578000000",
      "incomeBeforeTax": "4728000000",
      "incomeTaxExpense": "1389000000",
      "interestAndDebtExpense": "None",
      "netIncomeFromContinuingOperations": "3276000000",
      "comprehensiveIncomeNetOfTax": "None",
      "ebit": "5774000000",
      "ebitda": "10352000000",
      "netIncome": "3263000000"
    },
    {
      "fiscalDateEnding": "2014-12-31",
      "reportedCurrency": "USD",
      "grossProfit": "15902000000",
      "totalRevenue": "34439000000",
      "costOfRevenue": "18537000000",
      "costofGoodsAndServicesSold": "18537000000",
      "operatingIncome": "-5550000000",
      "sellingGeneralAndAdministrative": "14765000000",
      "researchAndDevelopment": "1730000000",
      "operatingExpenses": "19332000000",
      "investmentIncomeNet": "None",
      "netInterestIncome": "None",
      "interestIncome": "None",
      "interestExpense": "856000000",
      "nonInterestIncome": "None",
      "otherNonOperatingIncome": "183000000",
      "depreciation": "None",
      "depreciationAndAmortization": "4567000000",
      "incomeBeforeTax": "-6223000000",
      "incomeTaxExpense": "-2327000000",
      "interestAndDebtExpense": "None",
      "netIncomeFromContinuingOperations": "-3896000000",
      "comprehensiveIncomeNetOfTax": "None",
      "ebit": "-5367000000",
      "ebitda": "-800000000",
      "netIncome": "-3977000000"
    },
    {
      "fiscalDateEnding": "2014-09-30",
      "reportedCurrency": "USD",
      "grossProfit": "18621000000",
      "totalRevenue": "32957000000",
      "costOfRevenue": "14336000000",
      "costofGoodsAndServicesSold": "14336000000",
      "operatingIncome": "5607000000",
      "sellingGeneralAndAdministrative": "8475000000",
      "researchAndDevelopment": "0",
      "operatingExpenses": "13014000000",
      "investmentIncomeNet": "None",
      "netInterestIncome": "None",
      "interestIncome": "None",
      "interestExpense": "1016000000",
      "nonInterestIncome": "None",
      "otherNonOperatingIncome": "40000000",
      "depreciation": "None",
      "depreciationAndAmortization": "4539000000",
      "incomeBeforeTax": "4631000000",
      "incomeTaxExpense": "1444000000",
      "interestAndDebtExpense": "None",
      "netIncomeFromContinuingOperations": "3059000000",
      "comprehensiveIncomeNetOfTax": "None",
      "ebit": "5820000000",
      "ebitda": "10359000000",
      "netIncome": "3130000000"
    },
    {
      "fiscalDateEnding": "2014-06-30",
      "reportedCurrency": "USD",
      "grossProfit": "18363000000",
      "totalRevenue": "32575000000",
      "costOfRevenue": "14212000000",
      "costofGoodsAndServicesSold": "14212000000",
      "operatingIncome": "5616000000",
      "sellingGeneralAndAdministrative": "8197000000",
      "researchAndDevelopment": "0",
      "operatingExpenses": "12747000000",
      "investmentIncomeNet": "None",
      "netInterestIncome": "None",
      "interestIncome": "None",
      "interestExpense": "881000000",
      "nonInterestIncome": "None",
      "otherNonOperatingIncome": "1371000000",
      "depreciation": "None",
      "depreciationAndAmortization": "4550000000",
      "incomeBeforeTax": "6106000000",
      "incomeTaxExpense": "2485000000",
      "interestAndDebtExpense": "None",
      "netIncomeFromContinuingOperations": "3621000000",
      "comprehensiveIncomeNetOfTax": "None",
      "ebit": "5986000000",
      "ebitda": "10536000000",
      "netIncome": "3547000000"
    },
    {
      "fiscalDateEnding": "2014-03-31",
      "reportedCurrency": "USD",
      "grossProfit": "19155000000",
      "totalRevenue": "32476000000",
      "costOfRevenue": "13321000000",
      "costofGoodsAndServicesSold": "13321000000",
      "operatingIncome": "6278000000",
      "sellingGeneralAndAdministrative": "8260000000",
      "researchAndDevelopment": "0",
      "operatingExpenses": "12877000000",
      "investmentIncomeNet": "None",
      "netInterestIncome": "None",
      "interestIncome": "None",
      "interestExpense": "860000000",
      "nonInterestIncome": "None",
      "otherNonOperatingIncome": "233000000",
      "depreciation": "None",
      "depreciationAndAmortization": "4617000000",
      "incomeBeforeTax": "5651000000",
      "incomeTaxExpense": "1917000000",
      "interestAndDebtExpense": "None",
      "netIncomeFromContinuingOperations": "3734000000",
      "comprehensiveIncomeNetOfTax": "None",
      "ebit": "6278000000",
      "ebitda": "10895000000",
      "netIncome": "3652000000"
    },
    {
      "fiscalDateEnding": "2013-12-31",
      "reportedCurrency": "USD",
      "grossProfit": "20926000000",
      "totalRevenue": "33163000000",
      "costOfRevenue": "12237000000",
      "costofGoodsAndServicesSold": "12237000000",
      "operatingIncome": "12238000000",
      "sellingGeneralAndAdministrative": "740000000",
      "researchAndDevelopment": "1488000000",
      "operatingExpenses": "8688000000",
      "investmentIncomeNet": "None",
      "netInterestIncome": "None",
      "interestIncome": "None",
      "interestExpense": "1459000000",
      "nonInterestIncome": "None",
      "otherNonOperatingIncome": "None",
      "depreciation": "None",
      "depreciationAndAmortization": "4680000000",
      "incomeBeforeTax": "11153000000",
      "incomeTaxExpense": "4158000000",
      "interestAndDebtExpense": "None",
      "netIncomeFromContinuingOperations": "0",
      "comprehensiveIncomeNetOfTax": "None",
      "ebit": "10096000000",
      "ebitda": "14776000000",
      "netIncome": "6913000000"
    },
    {
      "fiscalDateEnding": "2013-09-30",
      "reportedCurrency": "USD",
      "grossProfit": "18755000000",
      "totalRevenue": "32158000000",
      "costOfRevenue": "13403000000",
      "costofGoodsAndServicesSold": "13403000000",
      "operatingIncome": "6188000000",
      "sellingGeneralAndAdministrative": "7952000000",
      "researchAndDevelopment": "0",
      "operatingExpenses": "12567000000",
      "investmentIncomeNet": "None",
      "netInterestIncome": "None",
      "interestIncome": "None",
      "interestExpense": "829000000",
      "nonInterestIncome": "None",
      "otherNonOperatingIncome": "None",
      "depreciation": "None",
      "depreciationAndAmortization": "4615000000",
      "incomeBeforeTax": "5500000000",
      "incomeTaxExpense": "1595000000",
      "interestAndDebtExpense": "None",
      "netIncomeFromContinuingOperations": "0",
      "comprehensiveIncomeNetOfTax": "None",
      "ebit": "6329000000",
      "ebitda": "10944000000",
      "netIncome": "3814000000"
    },
    {
      "fiscalDateEnding": "2013-06-30",
      "reportedCurrency": "USD",
      "grossProfit": "18805000000",
      "totalRevenue": "32075000000",
      "costOfRevenue": "13270000000",
      "costofGoodsAndServicesSold": "13270000000",
      "operatingIncome": "6113000000",
      "sellingGeneralAndAdministrative": "8121000000",
      "researchAndDevelopment": "0",
      "operatingExpenses": "12692000000",
      "investmentIncomeNet": "None",
      "netInterestIncome": "None",
      "interestIncome": "None",
      "interestExpense": "825000000",
      "nonInterestIncome": "None",
      "otherNonOperatingIncome": "506000000",
      "depreciation": "None",
      "depreciationAndAmortization": "4571000000",
      "incomeBeforeTax": "5794000000",
      "incomeTaxExpense": "1914000000",
      "interestAndDebtExpense": "None",
      "netIncomeFromContinuingOperations": "3880000000",
      "comprehensiveIncomeNetOfTax": "None",
      "ebit": "6619000000",
      "ebitda": "11190000000",
      "netIncome": "3822000000"
    },
    {
      "fiscalDateEnding": "2013-03-31",
      "reportedCurrency": "USD",
      "grossProfit": "18802000000",
      "totalRevenue": "31356000000",
      "costOfRevenue": "12554000000",
      "costofGoodsAndServicesSold": "12554000000",
      "operatingIncome": "5940000000",
      "sellingGeneralAndAdministrative": "8333000000",
      "researchAndDevelopment": "0",
      "operatingExpenses": "12862000000",
      "investmentIncomeNet": "None",
      "netInterestIncome": "None",
      "interestIncome": "None",
      "interestExpense": "827000000",
      "nonInterestIncome": "None",
      "otherNonOperatingIncome": "217000000",
      "depreciation": "None",
      "depreciationAndAmortization": "4529000000",
      "incomeBeforeTax": "5330000000",
      "incomeTaxExpense": "1557000000",
      "interestAndDebtExpense": "None",
      "netIncomeFromContinuingOperations": "3773000000",
      "comprehensiveIncomeNetOfTax": "None",
      "ebit": "6157000000",
      "ebitda": "10686000000",
      "netIncome": "3700000000"
    },
    {
      "fiscalDateEnding": "2012-12-31",
      "reportedCurrency": "USD",
      "grossProfit": "15363000000",
      "totalRevenue": "32578000000",
      "costOfRevenue": "17215000000",
      "costofGoodsAndServicesSold": "17215000000",
      "operatingIncome": "-5958000000",
      "sellingGeneralAndAdministrative": "13839000000",
      "researchAndDevelopment": "1278000000",
      "operatingExpenses": "21321000000",
      "investmentIncomeNet": "None",
      "netInterestIncome": "None",
      "interestIncome": "None",
      "interestExpense": "820000000",
      "nonInterestIncome": "None",
      "otherNonOperatingIncome": "None",
      "depreciation": "None",
      "depreciationAndAmortization": "4572000000",
      "incomeBeforeTax": "-6551000000",
      "incomeTaxExpense": "-2772000000",
      "interestAndDebtExpense": "None",
      "netIncomeFromContinuingOperations": "0",
      "comprehensiveIncomeNetOfTax": "None",
      "ebit": "-5731000000",
      "ebitda": "-1159000000",
      "netIncome": "-3857000000"
    },
    {
      "fiscalDateEnding": "2012-09-30",
      "reportedCurrency": "USD",
      "grossProfit": "18857000000",
      "totalRevenue": "31459000000",
      "costOfRevenue": "12602000000",
      "costofGoodsAndServicesSold": "12602000000",
      "operatingIncome": "6037000000",
      "sellingGeneralAndAdministrative": "8192000000",
      "researchAndDevelopment": "0",
      "operatingExpenses": "12820000000",
      "investmentIncomeNet": "None",
      "netInterestIncome": "None",
      "interestIncome": "None",
      "interestExpense": "824000000",
      "nonInterestIncome": "None",
      "otherNonOperatingIncome": "None",
      "depreciation": "None",
      "depreciationAndAmortization": "4512000000",
      "incomeBeforeTax": "5442000000",
      "incomeTaxExpense": "1741000000",
      "interestAndDebtExpense": "None",
      "netIncomeFromContinuingOperations": "0",
      "comprehensiveIncomeNetOfTax": "None",
      "ebit": "6266000000",
      "ebitda": "10778000000",
      "netIncome": "3635000000"
    },
    {
      "fiscalDateEnding": "2012-06-30",
      "reportedCurrency": "USD",
      "grossProfit": "19321000000",
      "totalRevenue": "31575000000",
      "costOfRevenue": "12254000000",
      "costofGoodsAndServicesSold": "12254000000",
      "operatingIncome": "6817000000",
      "sellingGeneralAndAdministrative": "7890000000",
      "researchAndDevelopment": "0",
      "operatingExpenses": "12504000000",
      "investmentIncomeNet": "None",
      "netInterestIncome": "None",
      "interestIncome": "None",
      "interestExpense": "941000000",
      "nonInterestIncome": "None",
      "otherNonOperatingIncome": "None",
      "depreciation": "None",
      "depreciationAndAmortization": "4499000000",
      "incomeBeforeTax": "6031000000",
      "incomeTaxExpense": "2066000000",
      "interestAndDebtExpense": "None",
      "netIncomeFromContinuingOperations": "0",
      "comprehensiveIncomeNetOfTax": "None",
      "ebit": "6972000000",
      "ebitda": "11471000000",
      "netIncome": "3902000000"
    },
    {
      "fiscalDateEnding": "2012-03-31",
      "reportedCurrency": "USD",
      "grossProfit": "19005000000",
      "totalRevenue": "31822000000",
      "costOfRevenue": "12817000000",
      "costofGoodsAndServicesSold": "12817000000",
      "operatingIncome": "6101000000",
      "sellingGeneralAndAdministrative": "8248000000",
      "researchAndDevelopment": "0",
      "operatingExpenses": "12904000000",
      "investmentIncomeNet": "None",
      "netInterestIncome": "None",
      "interestIncome": "None",
      "interestExpense": "859000000",
      "nonInterestIncome": "None",
      "otherNonOperatingIncome": "None",
      "depreciation": "None",
      "depreciationAndAmortization": "4560000000",
      "incomeBeforeTax": "5517000000",
      "incomeTaxExpense": "1865000000",
      "interestAndDebtExpense": "None",
      "netIncomeFromContinuingOperations": "0",
      "comprehensiveIncomeNetOfTax": "None",
      "ebit": "6376000000",
      "ebitda": "10936000000",
      "netIncome": "3584000000"
    },
    {
      "fiscalDateEnding": "2011-12-31",
      "reportedCurrency": "USD",
      "grossProfit": "15029000000",
      "totalRevenue": "32503000000",
      "costOfRevenue": "17474000000",
      "costofGoodsAndServicesSold": "17474000000",
      "operatingIncome": "-8990000000",
      "sellingGeneralAndAdministrative": "16536000000",
      "researchAndDevelopment": "1197000000",
      "operatingExpenses": "21109000000",
      "investmentIncomeNet": "None",
      "netInterestIncome": "None",
      "interestIncome": "None",
      "interestExpense": "952000000",
      "nonInterestIncome": "None",
      "otherNonOperatingIncome": "None",
      "depreciation": "None",
      "depreciationAndAmortization": "4573000000",
      "incomeBeforeTax": "-9690000000",
      "incomeTaxExpense": "-3062000000",
      "interestAndDebtExpense": "None",
      "netIncomeFromContinuingOperations": "0",
      "comprehensiveIncomeNetOfTax": "None",
      "ebit": "-8738000000",
      "ebitda": "-4165000000",
      "netIncome": "-6678000000"
    },
    {
      "fiscalDateEnding": "2011-09-30",
      "reportedCurrency": "USD",
      "grossProfit": "18822000000",
      "totalRevenue": "31478000000",
      "costOfRevenue": "12656000000",
      "costofGoodsAndServicesSold": "12656000000",
      "operatingIncome": "6235000000",
      "sellingGeneralAndAdministrative": "7460000000",
      "researchAndDevelopment": "0",
      "operatingExpenses": "12587000000",
      "investmentIncomeNet": "None",
      "netInterestIncome": "None",
      "interestIncome": "None",
      "interestExpense": "889000000",
      "nonInterestIncome": "None",
      "otherNonOperatingIncome": "239000000",
      "depreciation": "None",
      "depreciationAndAmortization": "4618000000",
      "incomeBeforeTax": "5585000000",
      "incomeTaxExpense": "1899000000",
      "interestAndDebtExpense": "None",
      "netIncomeFromContinuingOperations": "3686000000",
      "comprehensiveIncomeNetOfTax": "None",
      "ebit": "6474000000",
      "ebitda": "11092000000",
      "netIncome": "3623000000"
    },
    {
      "fiscalDateEnding": "2011-06-30",
      "reportedCurrency": "USD",
      "grossProfit": "18739000000",
      "totalRevenue": "31495000000",
      "costOfRevenue": "12756000000",
      "costofGoodsAndServicesSold": "12756000000",
      "operatingIncome": "6165000000",
      "sellingGeneralAndAdministrative": "7396000000",
      "researchAndDevelopment": "0",
      "operatingExpenses": "12574000000",
      "investmentIncomeNet": "None",
      "netInterestIncome": "None",
      "interestIncome": "None",
      "interestExpense": "848000000",
      "nonInterestIncome": "None",
      "otherNonOperatingIncome": "234000000",
      "depreciation": "None",
      "depreciationAndAmortization": "4602000000",
      "incomeBeforeTax": "5551000000",
      "incomeTaxExpense": "1893000000",
      "interestAndDebtExpense": "None",
      "netIncomeFromContinuingOperations": "3658000000",
      "comprehensiveIncomeNetOfTax": "None",
      "ebit": "6399000000",
      "ebitda": "11001000000",
      "netIncome": "3591000000"
    },
    {
      "fiscalDateEnding": "2011-03-31",
      "reportedCurrency": "USD",
      "grossProfit": "18434000000",
      "totalRevenue": "31247000000",
      "costOfRevenue": "12813000000",
      "costofGoodsAndServicesSold": "12813000000",
      "operatingIncome": "5808000000",
      "sellingGeneralAndAdministrative": "7452000000",
      "researchAndDevelopment": "0",
      "operatingExpenses": "12626000000",
      "investmentIncomeNet": "None",
      "netInterestIncome": "None",
      "interestIncome": "None",
      "interestExpense": "846000000",
      "nonInterestIncome": "None",
      "otherNonOperatingIncome": "308000000",
      "depreciation": "None",
      "depreciationAndAmortization": "4584000000",
      "incomeBeforeTax": "5270000000",
      "incomeTaxExpense": "1802000000",
      "interestAndDebtExpense": "None",
      "netIncomeFromContinuingOperations": "3468000000",
      "comprehensiveIncomeNetOfTax": "None",
      "ebit": "6116000000",
      "ebitda": "10700000000",
      "netIncome": "3408000000"
    },
    {
      "fiscalDateEnding": "2010-12-31",
      "reportedCurrency": "USD",
      "grossProfit": "17333000000",
      "totalRevenue": "31361000000",
      "costOfRevenue": "14028000000",
      "costofGoodsAndServicesSold": "14028000000",
      "operatingIncome": "1988000000",
      "sellingGeneralAndAdministrative": "10495000000",
      "researchAndDevelopment": "1345000000",
      "operatingExpenses": "15345000000",
      "investmentIncomeNet": "None",
      "netInterestIncome": "None",
      "interestIncome": "None",
      "interestExpense": "746000000",
      "nonInterestIncome": "None",
      "otherNonOperatingIncome": "None",
      "depreciation": "None",
      "depreciationAndAmortization": "4850000000",
      "incomeBeforeTax": "1447000000",
      "incomeTaxExpense": "350000000",
      "interestAndDebtExpense": "None",
      "netIncomeFromContinuingOperations": "0",
      "comprehensiveIncomeNetOfTax": "None",
      "ebit": "2193000000",
      "ebitda": "7043000000",
      "netIncome": "1027000000"
    },
    {
      "fiscalDateEnding": "2010-09-30",
      "reportedCurrency": "USD",
      "grossProfit": "17976000000",
      "totalRevenue": "31581000000",
      "costOfRevenue": "13605000000",
      "costofGoodsAndServicesSold": "13605000000",
      "operatingIncome": "5431000000",
      "sellingGeneralAndAdministrative": "7707000000",
      "researchAndDevelopment": "0",
      "operatingExpenses": "12545000000",
      "investmentIncomeNet": "None",
      "netInterestIncome": "None",
      "interestIncome": "None",
      "interestExpense": "729000000",
      "nonInterestIncome": "None",
      "otherNonOperatingIncome": "None",
      "depreciation": "None",
      "depreciationAndAmortization": "4873000000",
      "incomeBeforeTax": "5043000000",
      "incomeTaxExpense": "-6573000000",
      "interestAndDebtExpense": "None",
      "netIncomeFromContinuingOperations": "0",
      "comprehensiveIncomeNetOfTax": "None",
      "ebit": "5772000000",
      "ebitda": "10645000000",
      "netIncome": "12319000000"
    },
    {
      "fiscalDateEnding": "2010-06-30",
      "reportedCurrency": "USD",
      "grossProfit": "18356000000",
      "totalRevenue": "30808000000",
      "costOfRevenue": "12452000000",
      "costofGoodsAndServicesSold": "12452000000",
      "operatingIncome": "6083000000",
      "sellingGeneralAndAdministrative": "7475000000",
      "researchAndDevelopment": "0",
      "operatingExpenses": "12273000000",
      "investmentIncomeNet": "None",
      "netInterestIncome": "None",
      "interestIncome": "None",
      "interestExpense": "754000000",
      "nonInterestIncome": "None",
      "otherNonOperatingIncome": "None",
      "depreciation": "None",
      "depreciationAndAmortization": "4819000000",
      "incomeBeforeTax": "6247000000",
      "incomeTaxExpense": "2160000000",
      "interestAndDebtExpense": "None",
      "netIncomeFromContinuingOperations": "0",
      "comprehensiveIncomeNetOfTax": "None",
      "ebit": "7001000000",
      "ebitda": "11820000000",
      "netIncome": "4003000000"
    },
    {
      "fiscalDateEnding": "2010-03-31",
      "reportedCurrency": "USD",
      "grossProfit": "18147000000",
      "totalRevenue": "30530000000",
      "costOfRevenue": "12383000000",
      "costofGoodsAndServicesSold": "12383000000",
      "operatingIncome": "5971000000",
      "sellingGeneralAndAdministrative": "8182000000",
      "researchAndDevelopment": "0",
      "operatingExpenses": "12176000000",
      "investmentIncomeNet": "None",
      "netInterestIncome": "None",
      "interestIncome": "None",
      "interestExpense": "765000000",
      "nonInterestIncome": "None",
      "otherNonOperatingIncome": "None",
      "depreciation": "None",
      "depreciationAndAmortization": "4780000000",
      "incomeBeforeTax": "5401000000",
      "incomeTaxExpense": "2863000000",
      "interestAndDebtExpense": "None",
      "netIncomeFromContinuingOperations": "0",
      "comprehensiveIncomeNetOfTax": "None",
      "ebit": "6166000000",
      "ebitda": "10946000000",
      "netIncome": "2453000000"
    },
    {
      "fiscalDateEnding": "2009-12-31",
      "reportedCurrency": "USD",
      "grossProfit": "18058000000",
      "totalRevenue": "30858000000",
      "costOfRevenue": "12800000000",
      "costofGoodsAndServicesSold": "12800000000",
      "operatingIncome": "4861000000",
      "sellingGeneralAndAdministrative": "8182000000",
      "researchAndDevelopment": "986000000",
      "operatingExpenses": "13197000000",
      "investmentIncomeNet": "None",
      "netInterestIncome": "None",
      "interestIncome": "None",
      "interestExpense": "798000000",
      "nonInterestIncome": "None",
      "otherNonOperatingIncome": "None",
      "depreciation": "None",
      "depreciationAndAmortization": "5015000000",
      "incomeBeforeTax": "4357000000",
      "incomeTaxExpense": "1266000000",
      "interestAndDebtExpense": "None",
      "netIncomeFromContinuingOperations": "0",
      "comprehensiveIncomeNetOfTax": "None",
      "ebit": "5155000000",
      "ebitda": "10170000000",
      "netIncome": "3019000000"
    },
    {
      "fiscalDateEnding": "2009-09-30",
      "reportedCurrency": "USD",
      "grossProfit": "17827000000",
      "totalRevenue": "30734000000",
      "costOfRevenue": "12907000000",
      "costofGoodsAndServicesSold": "12907000000",
      "operatingIncome": "5372000000",
      "sellingGeneralAndAdministrative": "7847000000",
      "researchAndDevelopment": "0",
      "operatingExpenses": "12455000000",
      "investmentIncomeNet": "None",
      "netInterestIncome": "None",
      "interestIncome": "None",
      "interestExpense": "851000000",
      "nonInterestIncome": "None",
      "otherNonOperatingIncome": "None",
      "depreciation": "None",
      "depreciationAndAmortization": "4881000000",
      "incomeBeforeTax": "4731000000",
      "incomeTaxExpense": "1463000000",
      "interestAndDebtExpense": "None",
      "netIncomeFromContinuingOperations": "0",
      "comprehensiveIncomeNetOfTax": "None",
      "ebit": "5582000000",
      "ebitda": "10463000000",
      "netIncome": "3192000000"
    },
    {
      "fiscalDateEnding": "2009-06-30",
      "reportedCurrency": "USD",
      "grossProfit": "18057000000",
      "totalRevenue": "30614000000",
      "costOfRevenue": "12557000000",
      "costofGoodsAndServicesSold": "12557000000",
      "operatingIncome": "5500000000",
      "sellingGeneralAndAdministrative": "7847000000",
      "researchAndDevelopment": "None",
      "operatingExpenses": "12557000000",
      "investmentIncomeNet": "None",
      "netInterestIncome": "None",
      "interestIncome": "None",
      "interestExpense": "876000000",
      "nonInterestIncome": "None",
      "otherNonOperatingIncome": "None",
      "depreciation": "None",
      "depreciationAndAmortization": "4847000000",
      "incomeBeforeTax": "4885000000",
      "incomeTaxExpense": "1612000000",
      "interestAndDebtExpense": "None",
      "netIncomeFromContinuingOperations": "None",
      "comprehensiveIncomeNetOfTax": "None",
      "ebit": "5789000000",
      "ebitda": "10636000000",
      "netIncome": "3198000000"
    },
    {
      "fiscalDateEnding": "2009-03-31",
      "reportedCurrency": "USD",
      "grossProfit": "18376000000",
      "totalRevenue": "30571000000",
      "costOfRevenue": "12195000000",
      "costofGoodsAndServicesSold": "12195000000",
      "operatingIncome": "5737000000",
      "sellingGeneralAndAdministrative": "8211000000",
      "researchAndDevelopment": "None",
      "operatingExpenses": "12639000000",
      "investmentIncomeNet": "None",
      "netInterestIncome": "None",
      "interestIncome": "None",
      "interestExpense": "849000000",
      "nonInterestIncome": "None",
      "otherNonOperatingIncome": "None",
      "depreciation": "None",
      "depreciationAndAmortization": "4886000000",
      "incomeBeforeTax": "5010000000",
      "incomeTaxExpense": "1809000000",
      "interestAndDebtExpense": "None",
      "netIncomeFromContinuingOperations": "None",
      "comprehensiveIncomeNetOfTax": "None",
      "ebit": "5859000000",
      "ebitda": "10745000000",
      "netIncome": "3126000000"
    },
    {
      "fiscalDateEnding": "2008-12-31",
      "reportedCurrency": "USD",
      "grossProfit": "18153000000",
      "totalRevenue": "31076000000",
      "costOfRevenue": "12923000000",
      "costofGoodsAndServicesSold": "12923000000",
      "operatingIncome": "4898000000",
      "sellingGeneralAndAdministrative": "8211000000",
      "researchAndDevelopment": "832000000",
      "operatingExpenses": "13255000000",
      "investmentIncomeNet": "None",
      "netInterestIncome": "None",
      "interestIncome": "None",
      "interestExpense": "813000000",
      "nonInterestIncome": "None",
      "otherNonOperatingIncome": "None",
      "depreciation": "None",
      "depreciationAndAmortization": "5044000000",
      "incomeBeforeTax": "3694000000",
      "incomeTaxExpense": "1290000000",
      "interestAndDebtExpense": "None",
      "netIncomeFromContinuingOperations": "0",
      "comprehensiveIncomeNetOfTax": "None",
      "ebit": "12386000000",
      "ebitda": "17430000000",
      "netIncome": "2404000000"
    },
    {
      "fiscalDateEnding": "2008-09-30",
      "reportedCurrency": "USD",
      "grossProfit": "18320000000",
      "totalRevenue": "31342000000",
      "costOfRevenue": "13022000000",
      "costofGoodsAndServicesSold": "13022000000",
      "operatingIncome": "5618000000",
      "sellingGeneralAndAdministrative": "7676000000",
      "researchAndDevelopment": "0",
      "operatingExpenses": "12702000000",
      "investmentIncomeNet": "None",
      "netInterestIncome": "None",
      "interestIncome": "None",
      "interestExpense": "858000000",
      "nonInterestIncome": "None",
      "otherNonOperatingIncome": "None",
      "depreciation": "None",
      "depreciationAndAmortization": "4978000000",
      "incomeBeforeTax": "4994000000",
      "incomeTaxExpense": "1705000000",
      "interestAndDebtExpense": "None",
      "netIncomeFromContinuingOperations": "0",
      "comprehensiveIncomeNetOfTax": "None",
      "ebit": "5852000000",
      "ebitda": "10830000000",
      "netIncome": "3230000000"
    },
    {
      "fiscalDateEnding": "2008-06-30",
      "reportedCurrency": "USD",
      "grossProfit": "18969000000",
      "totalRevenue": "30866000000",
      "costOfRevenue": "11897000000",
      "costofGoodsAndServicesSold": "11897000000",
      "operatingIncome": "6567000000",
      "sellingGeneralAndAdministrative": "8086000000",
      "researchAndDevelopment": "0",
      "operatingExpenses": "12402000000",
      "investmentIncomeNet": "None",
      "netInterestIncome": "None",
      "interestIncome": "None",
      "interestExpense": "854000000",
      "nonInterestIncome": "None",
      "otherNonOperatingIncome": "None",
      "depreciation": "None",
      "depreciationAndAmortization": "4958000000",
      "incomeBeforeTax": "5954000000",
      "incomeTaxExpense": "2111000000",
      "interestAndDebtExpense": "None",
      "netIncomeFromContinuingOperations": "0",
      "comprehensiveIncomeNetOfTax": "None",
      "ebit": "6808000000",
      "ebitda": "11766000000",
      "netIncome": "3772000000"
    },
    {
      "fiscalDateEnding": "2008-03-31",
      "reportedCurrency": "USD",
      "grossProfit": "18749000000",
      "totalRevenue": "30744000000",
      "costOfRevenue": "11995000000",
      "costofGoodsAndServicesSold": "11995000000",
      "operatingIncome": "5980000000",
      "sellingGeneralAndAdministrative": "7900000000",
      "researchAndDevelopment": "0",
      "operatingExpenses": "12769000000",
      "investmentIncomeNet": "None",
      "netInterestIncome": "None",
      "interestIncome": "None",
      "interestExpense": "865000000",
      "nonInterestIncome": "None",
      "otherNonOperatingIncome": "None",
      "depreciation": "None",
      "depreciationAndAmortization": "4903000000",
      "incomeBeforeTax": "5449000000",
      "incomeTaxExpense": "1930000000",
      "interestAndDebtExpense": "None",
      "netIncomeFromContinuingOperations": "0",
      "comprehensiveIncomeNetOfTax": "None",
      "ebit": "6314000000",
      "ebitda": "11217000000",
      "netIncome": "3461000000"
    },
    {
      "fiscalDateEnding": "2007-12-31",
      "reportedCurrency": "USD",
      "grossProfit": "18615000000",
      "totalRevenue": "30349000000",
      "costOfRevenue": "11734000000",
      "costofGoodsAndServicesSold": "11734000000",
      "operatingIncome": "5492000000",
      "sellingGeneralAndAdministrative": "7900000000",
      "researchAndDevelopment": "985000000",
      "operatingExpenses": "13123000000",
      "investmentIncomeNet": "None",
      "netInterestIncome": "None",
      "interestIncome": "None",
      "interestExpense": "868000000",
      "nonInterestIncome": "None",
      "otherNonOperatingIncome": "None",
      "depreciation": "None",
      "depreciationAndAmortization": "5223000000",
      "incomeBeforeTax": "4772000000",
      "incomeTaxExpense": "1636000000",
      "interestAndDebtExpense": "None",
      "netIncomeFromContinuingOperations": "0",
      "comprehensiveIncomeNetOfTax": "None",
      "ebit": "5640000000",
      "ebitda": "10863000000",
      "netIncome": "3136000000"
    },
    {
      "fiscalDateEnding": "2007-09-30",
      "reportedCurrency": "USD",
      "grossProfit": "18396000000",
      "totalRevenue": "30132000000",
      "costOfRevenue": "11736000000",
      "costofGoodsAndServicesSold": "11736000000",
      "operatingIncome": "5304000000",
      "sellingGeneralAndAdministrative": "7915000000",
      "researchAndDevelopment": "0",
      "operatingExpenses": "13092000000",
      "investmentIncomeNet": "None",
      "netInterestIncome": "None",
      "interestIncome": "None",
      "interestExpense": "887000000",
      "nonInterestIncome": "None",
      "otherNonOperatingIncome": "None",
      "depreciation": "None",
      "depreciationAndAmortization": "5322000000",
      "incomeBeforeTax": "4562000000",
      "incomeTaxExpense": "1499000000",
      "interestAndDebtExpense": "None",
      "netIncomeFromContinuingOperations": "0",
      "comprehensiveIncomeNetOfTax": "None",
      "ebit": "5449000000",
      "ebitda": "10771000000",
      "netIncome": "3063000000"
    },
    {
      "fiscalDateEnding": "2007-06-30",
      "reportedCurrency": "USD",
      "grossProfit": "17820000000",
      "totalRevenue": "29478000000",
      "costOfRevenue": "11658000000",
      "costofGoodsAndServicesSold": "11658000000",
      "operatingIncome": "4944000000",
      "sellingGeneralAndAdministrative": "7640000000",
      "researchAndDevelopment": "0",
      "operatingExpenses": "12876000000",
      "investmentIncomeNet": "None",
      "netInterestIncome": "None",
      "interestIncome": "None",
      "interestExpense": "879000000",
      "nonInterestIncome": "None",
      "otherNonOperatingIncome": "None",
      "depreciation": "None",
      "depreciationAndAmortization": "5416000000",
      "incomeBeforeTax": "4402000000",
      "incomeTaxExpense": "1498000000",
      "interestAndDebtExpense": "None",
      "netIncomeFromContinuingOperations": "0",
      "comprehensiveIncomeNetOfTax": "None",
      "ebit": "5281000000",
      "ebitda": "10697000000",
      "netIncome": "2904000000"
    },
    {
      "fiscalDateEnding": "2007-03-31",
      "reportedCurrency": "USD",
      "grossProfit": "17717000000",
      "totalRevenue": "28969000000",
      "costOfRevenue": "11252000000",
      "costofGoodsAndServicesSold": "11252000000",
      "operatingIncome": "4664000000",
      "sellingGeneralAndAdministrative": "7437000000",
      "researchAndDevelopment": "0",
      "operatingExpenses": "13053000000",
      "investmentIncomeNet": "None",
      "netInterestIncome": "None",
      "interestIncome": "None",
      "interestExpense": "873000000",
      "nonInterestIncome": "None",
      "otherNonOperatingIncome": "None",
      "depreciation": "None",
      "depreciationAndAmortization": "5616000000",
      "incomeBeforeTax": "4468000000",
      "incomeTaxExpense": "1620000000",
      "interestAndDebtExpense": "None",
      "netIncomeFromContinuingOperations": "0",
      "comprehensiveIncomeNetOfTax": "None",
      "ebit": "5341000000",
      "ebitda": "10957000000",
      "netIncome": "2848000000"
    },
    {
      "fiscalDateEnding": "2006-12-31",
      "reportedCurrency": "USD",
      "grossProfit": "9183000000",
      "totalRevenue": "15891000000",
      "costOfRevenue": "6708000000",
      "costofGoodsAndServicesSold": "6708000000",
      "operatingIncome": "2576000000",
      "sellingGeneralAndAdministrative": "4115000000",
      "researchAndDevelopment": "223000000",
      "operatingExpenses": "6607000000",
      "investmentIncomeNet": "None",
      "netInterestIncome": "None",
      "interestIncome": "None",
      "interestExpense": "465000000",
      "nonInterestIncome": "None",
      "otherNonOperatingIncome": "None",
      "depreciation": "None",
      "depreciationAndAmortization": "2492000000",
      "incomeBeforeTax": "2794000000",
      "incomeTaxExpense": "856000000",
      "interestAndDebtExpense": "None",
      "netIncomeFromContinuingOperations": "0",
      "comprehensiveIncomeNetOfTax": "None",
      "ebit": "3259000000",
      "ebitda": "5751000000",
      "netIncome": "1938000000"
    },
    {
      "fiscalDateEnding": "2006-09-30",
      "reportedCurrency": "USD",
      "grossProfit": "8715000000",
      "totalRevenue": "15638000000",
      "costOfRevenue": "6923000000",
      "costofGoodsAndServicesSold": "6923000000",
      "operatingIncome": "2917000000",
      "sellingGeneralAndAdministrative": "3620000000",
      "researchAndDevelopment": "0",
      "operatingExpenses": "5798000000",
      "investmentIncomeNet": "None",
      "netInterestIncome": "None",
      "interestIncome": "None",
      "interestExpense": "442000000",
      "nonInterestIncome": "None",
      "otherNonOperatingIncome": "None",
      "depreciation": "None",
      "depreciationAndAmortization": "2437000000",
      "incomeBeforeTax": "3233000000",
      "incomeTaxExpense": "1068000000",
      "interestAndDebtExpense": "None",
      "netIncomeFromContinuingOperations": "0",
      "comprehensiveIncomeNetOfTax": "None",
      "ebit": "3675000000",
      "ebitda": "6112000000",
      "netIncome": "2165000000"
    },
    {
      "fiscalDateEnding": "2006-06-30",
      "reportedCurrency": "USD",
      "grossProfit": "8607000000",
      "totalRevenue": "15770000000",
      "costOfRevenue": "7163000000",
      "costofGoodsAndServicesSold": "7163000000",
      "operatingIncome": "2604000000",
      "sellingGeneralAndAdministrative": "3792000000",
      "researchAndDevelopment": "0",
      "operatingExpenses": "6003000000",
      "investmentIncomeNet": "None",
      "netInterestIncome": "None",
      "interestIncome": "None",
      "interestExpense": "472000000",
      "nonInterestIncome": "None",
      "otherNonOperatingIncome": "None",
      "depreciation": "None",
      "depreciationAndAmortization": "2486000000",
      "incomeBeforeTax": "2697000000",
      "incomeTaxExpense": "889000000",
      "interestAndDebtExpense": "None",
      "netIncomeFromContinuingOperations": "0",
      "comprehensiveIncomeNetOfTax": "None",
      "ebit": "3169000000",
      "ebitda": "5655000000",
      "netIncome": "1808000000"
    },
    {
      "fiscalDateEnding": "2006-03-31",
      "reportedCurrency": "USD",
      "grossProfit": "8392000000",
      "totalRevenue": "15756000000",
      "costOfRevenue": "7364000000",
      "costofGoodsAndServicesSold": "7364000000",
      "operatingIncome": "2191000000",
      "sellingGeneralAndAdministrative": "4024000000",
      "researchAndDevelopment": "0",
      "operatingExpenses": "6201000000",
      "investmentIncomeNet": "None",
      "netInterestIncome": "None",
      "interestIncome": "None",
      "interestExpense": "464000000",
      "nonInterestIncome": "None",
      "otherNonOperatingIncome": "None",
      "depreciation": "None",
      "depreciationAndAmortization": "2492000000",
      "incomeBeforeTax": "2157000000",
      "incomeTaxExpense": "712000000",
      "interestAndDebtExpense": "None",
      "netIncomeFromContinuingOperations": "0",
      "comprehensiveIncomeNetOfTax": "None",
      "ebit": "2621000000",
      "ebitda": "5113000000",
      "netIncome": "1445000000"
    },
    {
      "fiscalDateEnding": "2005-12-31",
      "reportedCurrency": "USD",
      "grossProfit": "6952000000",
      "totalRevenue": "12966000000",
      "costOfRevenue": "6014000000",
      "costofGoodsAndServicesSold": "6014000000",
      "operatingIncome": "1132000000",
      "sellingGeneralAndAdministrative": "3614000000",
      "researchAndDevelopment": "130000000",
      "operatingExpenses": "5820000000",
      "investmentIncomeNet": "None",
      "netInterestIncome": "None",
      "interestIncome": "None",
      "interestExpense": "405000000",
      "nonInterestIncome": "None",
      "otherNonOperatingIncome": "None",
      "depreciation": "None",
      "depreciationAndAmortization": "2206000000",
      "incomeBeforeTax": "1089000000",
      "incomeTaxExpense": "-566000000",
      "interestAndDebtExpense": "None",
      "netIncomeFromContinuingOperations": "0",
      "comprehensiveIncomeNetOfTax": "None",
      "ebit": "1494000000",
      "ebitda": "3700000000",
      "netIncome": "1655000000"
    },
    {
      "fiscalDateEnding": "2005-09-30",
      "reportedCurrency": "USD",
      "grossProfit": "5940000000",
      "totalRevenue": "10304000000",
      "costOfRevenue": "4364000000",
      "costofGoodsAndServicesSold": "4364000000",
      "operatingIncome": "1962000000",
      "sellingGeneralAndAdministrative": "2203000000",
      "researchAndDevelopment": "0",
      "operatingExpenses": "3978000000",
      "investmentIncomeNet": "None",
      "netInterestIncome": "None",
      "interestIncome": "None",
      "interestExpense": "349000000",
      "nonInterestIncome": "None",
      "otherNonOperatingIncome": "None",
      "depreciation": "None",
      "depreciationAndAmortization": "1803000000",
      "incomeBeforeTax": "1844000000",
      "incomeTaxExpense": "598000000",
      "interestAndDebtExpense": "None",
      "netIncomeFromContinuingOperations": "0",
      "comprehensiveIncomeNetOfTax": "None",
      "ebit": "2193000000",
      "ebitda": "3996000000",
      "netIncome": "1246000000"
    },
    {
      "fiscalDateEnding": "2005-06-30",
      "reportedCurrency": "USD",
      "grossProfit": "5916000000",
      "totalRevenue": "10317000000",
      "costOfRevenue": "4401000000",
      "costofGoodsAndServicesSold": "4401000000",
      "operatingIncome": "1518000000",
      "sellingGeneralAndAdministrative": "2654000000",
      "researchAndDevelopment": "0",
      "operatingExpenses": "4398000000",
      "investmentIncomeNet": "None",
      "netInterestIncome": "None",
      "interestIncome": "None",
      "interestExpense": "349000000",
      "nonInterestIncome": "None",
      "otherNonOperatingIncome": "None",
      "depreciation": "None",
      "depreciationAndAmortization": "1809000000",
      "incomeBeforeTax": "1484000000",
      "incomeTaxExpense": "484000000",
      "interestAndDebtExpense": "None",
      "netIncomeFromContinuingOperations": "0",
      "comprehensiveIncomeNetOfTax": "None",
      "ebit": "1833000000",
      "ebitda": "3642000000",
      "netIncome": "1000000000"
    },
    {
      "fiscalDateEnding": "2005-03-31",
      "reportedCurrency": "USD",
      "grossProfit": "5860000000",
      "totalRevenue": "10248000000",
      "costOfRevenue": "4388000000",
      "costofGoodsAndServicesSold": "4388000000",
      "operatingIncome": "1556000000",
      "sellingGeneralAndAdministrative": "2470000000",
      "researchAndDevelopment": "0",
      "operatingExpenses": "4304000000",
      "investmentIncomeNet": "None",
      "netInterestIncome": "None",
      "interestIncome": "None",
      "interestExpense": "353000000",
      "nonInterestIncome": "None",
      "otherNonOperatingIncome": "None",
      "depreciation": "None",
      "depreciationAndAmortization": "1825000000",
      "incomeBeforeTax": "1301000000",
      "incomeTaxExpense": "416000000",
      "interestAndDebtExpense": "None",
      "netIncomeFromContinuingOperations": "0",
      "comprehensiveIncomeNetOfTax": "None",
      "ebit": "1654000000",
      "ebitda": "3479000000",
      "netIncome": "885000000"
    }
  ]
}