{
  "symbol": "UAL",
  "annualReports": [
    {
      "fiscalDateEnding": "2024-12-31",
      "reportedCurrency": "USD",
      "grossProfit": "19420000000",
      "totalRevenue": "57063000000",
      "costOfRevenue": "37643000000",
      "costofGoodsAndServicesSold": "37643000000",
      "operatingIncome": "5096000000",
      "sellingGeneralAndAdministrative": "2231000000",
      "researchAndDevelopment": "None",
      "operatingExpenses": "14324000000",
      "investmentIncomeNet": "None",
      "netInterestIncome": "-676000000",
      "interestIncome": "726000000",
      "interestExpense": "1402000000",
      "nonInterestIncome": "None",
      "otherNonOperatingIncome": "None",
      "depreciation": "None",
      "depreciationAndAmortization": "2928000000",
      "incomeBeforeTax": "4168000000",
      "incomeTaxExpense": "1019000000",
      "interestAndDebtExpense": "None",
      "netIncomeFromContinuingOperations": "3149000000",
      "comprehensiveIncomeNetOfTax": "None",
      "ebit": "5570000000",
      "ebitda": "8498000000",
      "netIncome": "3149000000"
    },
    {
      "fiscalDateEnding": "2023-12-31",
      "reportedCurrency": "USD",
      "grossProfit": "15199000000",
      "totalRevenue": "53717000000",
      "costOfRevenue": "38518000000",
      "costofGoodsAndServicesSold": "38518000000",
      "operatingIncome": "4211000000",
      "sellingGeneralAndAdministrative": "1977000000",
      "researchAndDevelopment": "None",
      "operatingExpenses": "10988000000",
      "investmentIncomeNet": "None",
      "netInterestIncome": "-947000000",
      "interestIncome": "827000000",
      "interestExpense": "1774000000",
      "nonInterestIncome": "None",
      "otherNonOperatingIncome": "None",
      "depreciation": "None",
      "depreciationAndAmortization": "2671000000",
      "incomeBeforeTax": "3387000000",
      "incomeTaxExpense": "769000000",
      "interestAndDebtExpense": "None",
      "netIncomeFromContinuingOperations": "2618000000",
      "comprehensiveIncomeNetOfTax": "None",
      "ebit": "5161000000",
      "ebitda": "7832000000",
      "netIncome": "2618000000"
    },
    {
      "fiscalDateEnding": "2022-12-31",
      "reportedCurrency": "USD",
      "grossProfit": "10640000000",
      "totalRevenue": "44955000000",
      "costOfRevenue": "34315000000",
      "costofGoodsAndServicesSold": "34315000000",
      "operatingIncome": "2337000000",
      "sellingGeneralAndAdministrative": "19629000000",
      "researchAndDevelopment": "None",
      "operatingExpenses": "8163000000",
      "investmentIncomeNet": "None",
      "netInterestIncome": "-1375000000",
      "interestIncome": "298000000",
      "interestExpense": "1673000000",
      "nonInterestIncome": "None",
      "otherNonOperatingIncome": "326000000",
      "depreciation": "None",
      "depreciationAndAmortization": "2456000000",
      "incomeBeforeTax": "990000000",
      "incomeTaxExpense": "253000000",
      "interestAndDebtExpense": "None",
      "netIncomeFromContinuingOperations": "737000000",
      "comprehensiveIncomeNetOfTax": "None",
      "ebit": "2663000000",
      "ebitda": "5119000000",
      "netIncome": "737000000"
    },
    {
      "fiscalDateEnding": "2021-12-31",
      "reportedCurrency": "USD",
      "grossProfit": "721000000",
      "totalRevenue": "24634000000",
      "costOfRevenue": "23913000000",
      "costofGoodsAndServicesSold": "23913000000",
      "operatingIncome": "-1022000000",
      "sellingGeneralAndAdministrative": "677000000",
      "researchAndDevelopment": "None",
      "operatingExpenses": "1743000000",
      "investmentIncomeNet": "None",
      "netInterestIncome": "-1541000000",
      "interestIncome": "36000000",
      "interestExpense": "1577000000",
      "nonInterestIncome": "None",
      "otherNonOperatingIncome": "42000000",
      "depreciation": "None",
      "depreciationAndAmortization": "2485000000",
      "incomeBeforeTax": "-2557000000",
      "incomeTaxExpense": "-593000000",
      "interestAndDebtExpense": "None",
      "netIncomeFromContinuingOperations": "-1964000000",
      "comprehensiveIncomeNetOfTax": "None",
      "ebit": "-980000000",
      "ebitda": "1505000000",
      "netIncome": "-1964000000"
    },
    {
      "fiscalDateEnding": "2020-12-31",
      "reportedCurrency": "USD",
      "grossProfit": "-5030000000",
      "totalRevenue": "15355000000",
      "costOfRevenue": "20385000000",
      "costofGoodsAndServicesSold": "20385000000",
      "operatingIncome": "-6359000000",
      "sellingGeneralAndAdministrative": "13467000000",
      "researchAndDevelopment": "None",
      "operatingExpenses": "1329000000",
      "investmentIncomeNet": "None",
      "netInterestIncome": "-942000000",
      "interestIncome": "50000000",
      "interestExpense": "992000000",
      "nonInterestIncome": "None",
      "otherNonOperatingIncome": "-1471000000",
      "depreciation": "None",
      "depreciationAndAmortization": "2488000000",
      "incomeBeforeTax": "-8822000000",
      "incomeTaxExpense": "-1753000000",
      "interestAndDebtExpense": "None",
      "netIncomeFromContinuingOperations": "-7069000000",
      "comprehensiveIncomeNetOfTax": "None",
      "ebit": "-7830000000",
      "ebitda": "-5342000000",
      "netIncome": "-7069000000"
    },
    {
      "fiscalDateEnding": "2019-12-31",
      "reportedCurrency": "USD",
      "grossProfit": "12473000000",
      "totalRevenue": "43259000000",
      "costOfRevenue": "30786000000",
      "costofGoodsAndServicesSold": "30786000000",
      "operatingIncome": "4301000000",
      "sellingGeneralAndAdministrative": "19997000000",
      "researchAndDevelopment": "None",
      "operatingExpenses": "7926000000",
      "investmentIncomeNet": "None",
      "netInterestIncome": "-513000000",
      "interestIncome": "133000000",
      "interestExpense": "646000000",
      "nonInterestIncome": "None",
      "otherNonOperatingIncome": "259000000",
      "depreciation": "None",
      "depreciationAndAmortization": "2288000000",
      "incomeBeforeTax": "3914000000",
      "incomeTaxExpense": "905000000",
      "interestAndDebtExpense": "None",
      "netIncomeFromContinuingOperations": "3009000000",
      "comprehensiveIncomeNetOfTax": "None",
      "ebit": "4560000000",
      "ebitda": "6848000000",
      "netIncome": "3009000000"
    },
    {
      "fiscalDateEnding": "2018-12-31",
      "reportedCurrency": "USD",
      "grossProfit": "11075000000",
      "totalRevenue": "41303000000",
      "costOfRevenue": "30228000000",
      "costofGoodsAndServicesSold": "30228000000",
      "operatingIncome": "3229000000",
      "sellingGeneralAndAdministrative": "1558000000",
      "researchAndDevelopment": "0",
      "operatingExpenses": "7846000000",
      "investmentIncomeNet": "None",
      "netInterestIncome": "-558000000",
      "interestIncome": "101000000",
      "interestExpense": "605000000",
      "nonInterestIncome": "None",
      "otherNonOperatingIncome": "25000000",
      "depreciation": "None",
      "depreciationAndAmortization": "2165000000",
      "incomeBeforeTax": "2648000000",
      "incomeTaxExpense": "526000000",
      "interestAndDebtExpense": "None",
      "netIncomeFromContinuingOperations": "2129000000",
      "comprehensiveIncomeNetOfTax": "None",
      "ebit": "3253000000",
      "ebitda": "5418000000",
      "netIncome": "2122000000"
    },
    {
      "fiscalDateEnding": "2017-12-31",
      "reportedCurrency": "USD",
      "grossProfit": "10779000000",
      "totalRevenue": "37784000000",
      "costOfRevenue": "27005000000",
      "costofGoodsAndServicesSold": "27005000000",
      "operatingIncome": "3618000000",
      "sellingGeneralAndAdministrative": "1349000000",
      "researchAndDevelopment": "0",
      "operatingExpenses": "7161000000",
      "investmentIncomeNet": "None",
      "netInterestIncome": "-502000000",
      "interestIncome": "57000000",
      "interestExpense": "552000000",
      "nonInterestIncome": "None",
      "otherNonOperatingIncome": "60000000",
      "depreciation": "None",
      "depreciationAndAmortization": "2149000000",
      "incomeBeforeTax": "3023000000",
      "incomeTaxExpense": "880000000",
      "interestAndDebtExpense": "None",
      "netIncomeFromContinuingOperations": "2131000000",
      "comprehensiveIncomeNetOfTax": "None",
      "ebit": "3627000000",
      "ebitda": "5776000000",
      "netIncome": "2143000000"
    },
    {
      "fiscalDateEnding": "2016-12-31",
      "reportedCurrency": "USD",
      "grossProfit": "11700000000",
      "totalRevenue": "36556000000",
      "costOfRevenue": "24856000000",
      "costofGoodsAndServicesSold": "24856000000",
      "operatingIncome": "4344000000",
      "sellingGeneralAndAdministrative": "1303000000",
      "researchAndDevelopment": "0",
      "operatingExpenses": "7457000000",
      "investmentIncomeNet": "None",
      "netInterestIncome": "-500000000",
      "interestIncome": "42000000",
      "interestExpense": "602000000",
      "nonInterestIncome": "None",
      "otherNonOperatingIncome": "23000000",
      "depreciation": "None",
      "depreciationAndAmortization": "1977000000",
      "incomeBeforeTax": "3819000000",
      "incomeTaxExpense": "1556000000",
      "interestAndDebtExpense": "None",
      "netIncomeFromContinuingOperations": "2263000000",
      "comprehensiveIncomeNetOfTax": "None",
      "ebit": "4361000000",
      "ebitda": "6338000000",
      "netIncome": "2263000000"
    },
    {
      "fiscalDateEnding": "2015-12-31",
      "reportedCurrency": "USD",
      "grossProfit": "11912000000",
      "totalRevenue": "37864000000",
      "costOfRevenue": "25952000000",
      "costofGoodsAndServicesSold": "25952000000",
      "operatingIncome": "5166000000",
      "sellingGeneralAndAdministrative": "16133000000",
      "researchAndDevelopment": "0",
      "operatingExpenses": "6746000000",
      "investmentIncomeNet": "None",
      "netInterestIncome": "None",
      "interestIncome": "None",
      "interestExpense": "620000000",
      "nonInterestIncome": "None",
      "otherNonOperatingIncome": "-327000000",
      "depreciation": "None",
      "depreciationAndAmortization": "1819000000",
      "incomeBeforeTax": "4219000000",
      "incomeTaxExpense": "-3121000000",
      "interestAndDebtExpense": "None",
      "netIncomeFromContinuingOperations": "7340000000",
      "comprehensiveIncomeNetOfTax": "None",
      "ebit": "4839000000",
      "ebitda": "6658000000",
      "netIncome": "7340000000"
    },
    {
      "fiscalDateEnding": "2014-12-31",
      "reportedCurrency": "USD",
      "grossProfit": "9332000000",
      "totalRevenue": "38901000000",
      "costOfRevenue": "29569000000",
      "costofGoodsAndServicesSold": "29569000000",
      "operatingIncome": "2373000000",
      "sellingGeneralAndAdministrative": "15451000000",
      "researchAndDevelopment": "0",
      "operatingExpenses": "6959000000",
      "investmentIncomeNet": "None",
      "netInterestIncome": "None",
      "interestIncome": "None",
      "interestExpense": "683000000",
      "nonInterestIncome": "None",
      "otherNonOperatingIncome": "-562000000",
      "depreciation": "None",
      "depreciationAndAmortization": "1679000000",
      "incomeBeforeTax": "1128000000",
      "incomeTaxExpense": "-4000000",
      "interestAndDebtExpense": "None",
      "netIncomeFromContinuingOperations": "1132000000",
      "comprehensiveIncomeNetOfTax": "None",
      "ebit": "1811000000",
      "ebitda": "3490000000",
      "netIncome": "1132000000"
    },
    {
      "fiscalDateEnding": "2013-12-31",
      "reportedCurrency": "USD",
      "grossProfit": "8354000000",
      "totalRevenue": "38279000000",
      "costOfRevenue": "29925000000",
      "costofGoodsAndServicesSold": "29925000000",
      "operatingIncome": "1249000000",
      "sellingGeneralAndAdministrative": "15210000000",
      "researchAndDevelopment": "0",
      "operatingExpenses": "7105000000",
      "investmentIncomeNet": "None",
      "netInterestIncome": "None",
      "interestIncome": "None",
      "interestExpense": "734000000",
      "nonInterestIncome": "None",
      "otherNonOperatingIncome": "24000000",
      "depreciation": "None",
      "depreciationAndAmortization": "1689000000",
      "incomeBeforeTax": "539000000",
      "incomeTaxExpense": "-32000000",
      "interestAndDebtExpense": "None",
      "netIncomeFromContinuingOperations": "571000000",
      "comprehensiveIncomeNetOfTax": "None",
      "ebit": "1220000000",
      "ebitda": "2909000000",
      "netIncome": "571000000"
    },
    {
      "fiscalDateEnding": "2012-12-31",
      "reportedCurrency": "USD",
      "grossProfit": "7395000000",
      "totalRevenue": "37152000000",
      "costOfRevenue": "29757000000",
      "costofGoodsAndServicesSold": "29757000000",
      "operatingIncome": "39000000",
      "sellingGeneralAndAdministrative": "13978000000",
      "researchAndDevelopment": "0",
      "operatingExpenses": "8866000000",
      "investmentIncomeNet": "None",
      "netInterestIncome": "None",
      "interestIncome": "None",
      "interestExpense": "798000000",
      "nonInterestIncome": "None",
      "otherNonOperatingIncome": "35000000",
      "depreciation": "None",
      "depreciationAndAmortization": "1522000000",
      "incomeBeforeTax": "-724000000",
      "incomeTaxExpense": "-1000000",
      "interestAndDebtExpense": "None",
      "netIncomeFromContinuingOperations": "-723000000",
      "comprehensiveIncomeNetOfTax": "None",
      "ebit": "74000000",
      "ebitda": "1596000000",
      "netIncome": "-723000000"
    },
    {
      "fiscalDateEnding": "2011-12-31",
      "reportedCurrency": "USD",
      "grossProfit": "8452000000",
      "totalRevenue": "37110000000",
      "costOfRevenue": "28658000000",
      "costofGoodsAndServicesSold": "28658000000",
      "operatingIncome": "1822000000",
      "sellingGeneralAndAdministrative": "10055000000",
      "researchAndDevelopment": "0",
      "operatingExpenses": "6630000000",
      "investmentIncomeNet": "None",
      "netInterestIncome": "None",
      "interestIncome": "None",
      "interestExpense": "917000000",
      "nonInterestIncome": "None",
      "otherNonOperatingIncome": "None",
      "depreciation": "None",
      "depreciationAndAmortization": "1547000000",
      "incomeBeforeTax": "845000000",
      "incomeTaxExpense": "5000000",
      "interestAndDebtExpense": "None",
      "netIncomeFromContinuingOperations": "None",
      "comprehensiveIncomeNetOfTax": "None",
      "ebit": "1762000000",
      "ebitda": "3309000000",
      "netIncome": "840000000"
    },
    {
      "fiscalDateEnding": "2010-12-31",
      "reportedCurrency": "USD",
      "grossProfit": "5727000000",
      "totalRevenue": "23229000000",
      "costOfRevenue": "17502000000",
      "costofGoodsAndServicesSold": "17502000000",
      "operatingIncome": "976000000",
      "sellingGeneralAndAdministrative": "5002000000",
      "researchAndDevelopment": "0",
      "operatingExpenses": "4847000000",
      "investmentIncomeNet": "None",
      "netInterestIncome": "None",
      "interestIncome": "None",
      "interestExpense": "783000000",
      "nonInterestIncome": "None",
      "otherNonOperatingIncome": "None",
      "depreciation": "None",
      "depreciationAndAmortization": "1079000000",
      "incomeBeforeTax": "250000000",
      "incomeTaxExpense": "-3000000",
      "interestAndDebtExpense": "None",
      "netIncomeFromContinuingOperations": "None",
      "comprehensiveIncomeNetOfTax": "None",
      "ebit": "1033000000",
      "ebitda": "2112000000",
      "netIncome": "253000000"
    },
    {
      "fiscalDateEnding": "2009-12-31",
      "reportedCurrency": "USD",
      "grossProfit": "11000000000",
      "totalRevenue": "16335000000",
      "costOfRevenue": "5335000000",
      "costofGoodsAndServicesSold": "5335000000",
      "operatingIncome": "-161000000",
      "sellingGeneralAndAdministrative": "3919000000",
      "researchAndDevelopment": "None",
      "operatingExpenses": "9104000000",
      "investmentIncomeNet": "None",
      "netInterestIncome": "None",
      "interestIncome": "None",
      "interestExpense": "577000000",
      "nonInterestIncome": "None",
      "otherNonOperatingIncome": "None",
      "depreciation": "None",
      "depreciationAndAmortization": "854000000",
      "incomeBeforeTax": "-672000000",
      "incomeTaxExpense": "-17000000",
      "interestAndDebtExpense": "None",
      "netIncomeFromContinuingOperations": "None",
      "comprehensiveIncomeNetOfTax": "None",
      "ebit": "-105000000",
      "ebitda": "749000000",
      "netIncome": "-651000000"
    },
    {
      "fiscalDateEnding": "2008-12-31",
      "reportedCurrency": "USD",
      "grossProfit": "7752000000",
      "totalRevenue": "20194000000",
      "costOfRevenue": "12442000000",
      "costofGoodsAndServicesSold": "12442000000",
      "operatingIncome": "-4438000000",
      "sellingGeneralAndAdministrative": "4311000000",
      "researchAndDevelopment": "None",
      "operatingExpenses": "12190000000",
      "investmentIncomeNet": "None",
      "netInterestIncome": "None",
      "interestIncome": "None",
      "interestExpense": "571000000",
      "nonInterestIncome": "None",
      "otherNonOperatingIncome": "None",
      "depreciation": "None",
      "depreciationAndAmortization": "932000000",
      "incomeBeforeTax": "-5379000000",
      "incomeTaxExpense": "-25000000",
      "interestAndDebtExpense": "None",
      "netIncomeFromContinuingOperations": "None",
      "comprehensiveIncomeNetOfTax": "None",
      "ebit": "-4907000000",
      "ebitda": "-3975000000",
      "netIncome": "-5348000000"
    },
    {
      "fiscalDateEnding": "2007-12-31",
      "reportedCurrency": "USD",
      "grossProfit": "13594000000",
      "totalRevenue": "20143000000",
      "costOfRevenue": "6549000000",
      "costofGoodsAndServicesSold": "6549000000",
      "operatingIncome": "1037000000",
      "sellingGeneralAndAdministrative": "7202000000",
      "researchAndDevelopment": "None",
      "operatingExpenses": "12557000000",
      "investmentIncomeNet": "None",
      "netInterestIncome": "None",
      "interestIncome": "None",
      "interestExpense": "642000000",
      "nonInterestIncome": "None",
      "otherNonOperatingIncome": "None",
      "depreciation": "None",
      "depreciationAndAmortization": "925000000",
      "incomeBeforeTax": "695000000",
      "incomeTaxExpense": "297000000",
      "interestAndDebtExpense": "None",
      "netIncomeFromContinuingOperations": "None",
      "comprehensiveIncomeNetOfTax": "None",
      "ebit": "1315000000",
      "ebitda": "2240000000",
      "netIncome": "403000000"
    },
    {
      "fiscalDateEnding": "2006-12-31",
      "reportedCurrency": "USD",
      "grossProfit": "18661000000",
      "totalRevenue": "19340000000",
      "costOfRevenue": "679000000",
      "costofGoodsAndServicesSold": "679000000",
      "operatingIncome": "447000000",
      "sellingGeneralAndAdministrative": "4267000000",
      "researchAndDevelopment": "None",
      "operatingExpenses": "18214000000",
      "investmentIncomeNet": "None",
      "netInterestIncome": "None",
      "interestIncome": "None",
      "interestExpense": "482000000",
      "nonInterestIncome": "None",
      "otherNonOperatingIncome": "None",
      "depreciation": "None",
      "depreciationAndAmortization": "888000000",
      "incomeBeforeTax": "22889000000",
      "incomeTaxExpense": "21000000",
      "interestAndDebtExpense": "None",
      "netIncomeFromContinuingOperations": "None",
      "comprehensiveIncomeNetOfTax": "None",
      "ebit": "-1093000000",
      "ebitda": "-205000000",
      "netIncome": "22876000000"
    },
    {
      "fiscalDateEnding": "2005-12-31",
      "reportedCurrency": "USD",
      "grossProfit": "6596000000",
      "totalRevenue": "17379000000",
      "costOfRevenue": "10783000000",
      "costofGoodsAndServicesSold": "10783000000",
      "operatingIncome": "-219000000",
      "sellingGeneralAndAdministrative": "4447000000",
      "researchAndDevelopment": "None",
      "operatingExpenses": "6815000000",
      "investmentIncomeNet": "None",
      "netInterestIncome": "None",
      "interestIncome": "None",
      "interestExpense": "485000000",
      "nonInterestIncome": "None",
      "otherNonOperatingIncome": "None",
      "depreciation": "None",
      "depreciationAndAmortization": "873000000",
      "incomeBeforeTax": "-21180000000",
      "incomeTaxExpense": "-4000000",
      "interestAndDebtExpense": "None",
      "netIncomeFromContinuingOperations": "None",
      "comprehensiveIncomeNetOfTax": "None",
      "ebit": "-20695000000",
      "ebitda": "-19822000000",
      "netIncome": "-21176000000"
    }
  ],
  "quarterlyReports": [
    {
      "fiscalDateEnding": "2025-03-31",
      "reportedCurrency": "USD",
      "grossProfit": "8275000000",
      "totalRevenue": "13212000000",
      "costOfRevenue": "4937000000",
      "costofGoodsAndServicesSold": "4937000000",
      "operatingIncome": "607000000",
      "sellingGeneralAndAdministrative": "496000000",
      "researchAndDevelopment": "None",
      "operatingExpenses": "7668000000",
      "investmentIncomeNet": "None",
      "netInterestIncome": "-144000000",
      "interestIncome": "164000000",
      "interestExpense": "308000000",
      "nonInterestIncome": "None",
      "otherNonOperatingIncome": "None",
      "depreciation": "None",
      "depreciationAndAmortization": "727000000",
      "incomeBeforeTax": "478000000",
      "incomeTaxExpense": "91000000",
      "interestAndDebtExpense": "None",
      "netIncomeFromContinuingOperations": "387000000",
      "comprehensiveIncomeNetOfTax": "None",
      "ebit": "122000000",
      "ebitda": "849000000",
      "netIncome": "387000000"
    },
    {
      "fiscalDateEnding": "2024-12-31",
      "reportedCurrency": "USD",
      "grossProfit": "4512000000",
      "totalRevenue": "14695000000",
      "costOfRevenue": "10183000000",
      "costofGoodsAndServicesSold": "10183000000",
      "operatingIncome": "1502000000",
      "sellingGeneralAndAdministrative": "551000000",
      "researchAndDevelopment": "None",
      "operatingExpenses": "3010000000",
      "investmentIncomeNet": "None",
      "netInterestIncome": "-144000000",
      "interestIncome": "172000000",
      "interestExpense": "316000000",
      "nonInterestIncome": "None",
      "otherNonOperatingIncome": "None",
      "depreciation": "None",
      "depreciationAndAmortization": "759000000",
      "incomeBeforeTax": "1306000000",
      "incomeTaxExpense": "322000000",
      "interestAndDebtExpense": "None",
      "netIncomeFromContinuingOperations": "984000000",
      "comprehensiveIncomeNetOfTax": "None",
      "ebit": "1623000000",
      "ebitda": "1622000000",
      "netIncome": "984000000"
    },
    {
      "fiscalDateEnding": "2024-09-30",
      "reportedCurrency": "USD",
      "grossProfit": "4438000000",
      "totalRevenue": "14843000000",
      "costOfRevenue": "10405000000",
      "costofGoodsAndServicesSold": "10405000000",
      "operatingIncome": "1565000000",
      "sellingGeneralAndAdministrative": "574000000",
      "researchAndDevelopment": "None",
      "operatingExpenses": "2873000000",
      "investmentIncomeNet": "None",
      "netInterestIncome": "-139000000",
      "interestIncome": "187000000",
      "interestExpense": "326000000",
      "nonInterestIncome": "None",
      "otherNonOperatingIncome": "None",
      "depreciation": "None",
      "depreciationAndAmortization": "742000000",
      "incomeBeforeTax": "1286000000",
      "incomeTaxExpense": "321000000",
      "interestAndDebtExpense": "None",
      "netIncomeFromContinuingOperations": "965000000",
      "comprehensiveIncomeNetOfTax": "None",
      "ebit": "1612000000",
      "ebitda": "2354000000",
      "netIncome": "965000000"
    },
    {
      "fiscalDateEnding": "2024-06-30",
      "reportedCurrency": "USD",
      "grossProfit": "4802000000",
      "totalRevenue": "14986000000",
      "costOfRevenue": "10184000000",
      "costofGoodsAndServicesSold": "10184000000",
      "operatingIncome": "1929000000",
      "sellingGeneralAndAdministrative": "626000000",
      "researchAndDevelopment": "None",
      "operatingExpenses": "2873000000",
      "investmentIncomeNet": "None",
      "netInterestIncome": "-177000000",
      "interestIncome": "190000000",
      "interestExpense": "367000000",
      "nonInterestIncome": "None",
      "otherNonOperatingIncome": "None",
      "depreciation": "None",
      "depreciationAndAmortization": "719000000",
      "incomeBeforeTax": "1739000000",
      "incomeTaxExpense": "416000000",
      "interestAndDebtExpense": "None",
      "netIncomeFromContinuingOperations": "1323000000",
      "comprehensiveIncomeNetOfTax": "None",
      "ebit": "2106000000",
      "ebitda": "2825000000",
      "netIncome": "1323000000"
    },
    {
      "fiscalDateEnding": "2024-03-31",
      "reportedCurrency": "USD",
      "grossProfit": "2740000000",
      "totalRevenue": "12539000000",
      "costOfRevenue": "9799000000",
      "costofGoodsAndServicesSold": "9799000000",
      "operatingIncome": "99000000",
      "sellingGeneralAndAdministrative": "480000000",
      "researchAndDevelopment": "None",
      "operatingExpenses": "2641000000",
      "investmentIncomeNet": "None",
      "netInterestIncome": "-216000000",
      "interestIncome": "177000000",
      "interestExpense": "393000000",
      "nonInterestIncome": "None",
      "otherNonOperatingIncome": "None",
      "depreciation": "None",
      "depreciationAndAmortization": "708000000",
      "incomeBeforeTax": "-164000000",
      "incomeTaxExpense": "-40000000",
      "interestAndDebtExpense": "None",
      "netIncomeFromContinuingOperations": "-124000000",
      "comprehensiveIncomeNetOfTax": "None",
      "ebit": "229000000",
      "ebitda": "937000000",
      "netIncome": "-124000000"
    },
    {
      "fiscalDateEnding": "2023-12-31",
      "reportedCurrency": "USD",
      "grossProfit": "1616000000",
      "totalRevenue": "13626000000",
      "costOfRevenue": "12010000000",
      "costofGoodsAndServicesSold": "12010000000",
      "operatingIncome": "1045000000",
      "sellingGeneralAndAdministrative": "571000000",
      "researchAndDevelopment": "None",
      "operatingExpenses": "571000000",
      "investmentIncomeNet": "None",
      "netInterestIncome": "-223000000",
      "interestIncome": "207000000",
      "interestExpense": "430000000",
      "nonInterestIncome": "None",
      "otherNonOperatingIncome": "None",
      "depreciation": "None",
      "depreciationAndAmortization": "684000000",
      "incomeBeforeTax": "771000000",
      "incomeTaxExpense": "171000000",
      "interestAndDebtExpense": "None",
      "netIncomeFromContinuingOperations": "599000000",
      "comprehensiveIncomeNetOfTax": "None",
      "ebit": "1201000000",
      "ebitda": "1885000000",
      "netIncome": "599000000"
    },
    {
      "fiscalDateEnding": "2023-09-30",
      "reportedCurrency": "USD",
      "grossProfit": "4442000000",
      "totalRevenue": "14484000000",
      "costOfRevenue": "10042000000",
      "costofGoodsAndServicesSold": "10042000000",
      "operatingIncome": "1739000000",
      "sellingGeneralAndAdministrative": "516000000",
      "researchAndDevelopment": "None",
      "operatingExpenses": "2674000000",
      "investmentIncomeNet": "None",
      "netInterestIncome": "-211000000",
      "interestIncome": "234000000",
      "interestExpense": "445000000",
      "nonInterestIncome": "None",
      "otherNonOperatingIncome": "None",
      "depreciation": "None",
      "depreciationAndAmortization": "663000000",
      "incomeBeforeTax": "1485000000",
      "incomeTaxExpense": "348000000",
      "interestAndDebtExpense": "None",
      "netIncomeFromContinuingOperations": "1138000000",
      "comprehensiveIncomeNetOfTax": "None",
      "ebit": "1930000000",
      "ebitda": "2593000000",
      "netIncome": "1137000000"
    },
    {
      "fiscalDateEnding": "2023-06-30",
      "reportedCurrency": "USD",
      "grossProfit": "4880000000",
      "totalRevenue": "14178000000",
      "costOfRevenue": "9298000000",
      "costofGoodsAndServicesSold": "9298000000",
      "operatingIncome": "1517000000",
      "sellingGeneralAndAdministrative": "6214000000",
      "researchAndDevelopment": "None",
      "operatingExpenses": "3363000000",
      "investmentIncomeNet": "None",
      "netInterestIncome": "-235000000",
      "interestIncome": "216000000",
      "interestExpense": "451000000",
      "nonInterestIncome": "None",
      "otherNonOperatingIncome": "321000000",
      "depreciation": "None",
      "depreciationAndAmortization": "669000000",
      "incomeBeforeTax": "1387000000",
      "incomeTaxExpense": "312000000",
      "interestAndDebtExpense": "None",
      "netIncomeFromContinuingOperations": "1075000000",
      "comprehensiveIncomeNetOfTax": "None",
      "ebit": "1838000000",
      "ebitda": "2507000000",
      "netIncome": "1075000000"
    },
    {
      "fiscalDateEnding": "2023-03-31",
      "reportedCurrency": "USD",
      "grossProfit": "2188000000",
      "totalRevenue": "11429000000",
      "costOfRevenue": "9241000000",
      "costofGoodsAndServicesSold": "9241000000",
      "operatingIncome": "-43000000",
      "sellingGeneralAndAdministrative": "403000000",
      "researchAndDevelopment": "None",
      "operatingExpenses": "2217000000",
      "investmentIncomeNet": "None",
      "netInterestIncome": "-278000000",
      "interestIncome": "170000000",
      "interestExpense": "448000000",
      "nonInterestIncome": "None",
      "otherNonOperatingIncome": "235000000",
      "depreciation": "None",
      "depreciationAndAmortization": "655000000",
      "incomeBeforeTax": "-256000000",
      "incomeTaxExpense": "-62000000",
      "interestAndDebtExpense": "None",
      "netIncomeFromContinuingOperations": "-194000000",
      "comprehensiveIncomeNetOfTax": "None",
      "ebit": "192000000",
      "ebitda": "847000000",
      "netIncome": "-194000000"
    },
    {
      "fiscalDateEnding": "2022-12-31",
      "reportedCurrency": "USD",
      "grossProfit": "3572000000",
      "totalRevenue": "12400000000",
      "costOfRevenue": "8828000000",
      "costofGoodsAndServicesSold": "8828000000",
      "operatingIncome": "1375000000",
      "sellingGeneralAndAdministrative": "5179000000",
      "researchAndDevelopment": "None",
      "operatingExpenses": "2179000000",
      "investmentIncomeNet": "None",
      "netInterestIncome": "-291000000",
      "interestIncome": "156000000",
      "interestExpense": "447000000",
      "nonInterestIncome": "None",
      "otherNonOperatingIncome": "200000000",
      "depreciation": "None",
      "depreciationAndAmortization": "624000000",
      "incomeBeforeTax": "1130000000",
      "incomeTaxExpense": "287000000",
      "interestAndDebtExpense": "None",
      "netIncomeFromContinuingOperations": "843000000",
      "comprehensiveIncomeNetOfTax": "None",
      "ebit": "951000000",
      "ebitda": "1575000000",
      "netIncome": "843000000"
    },
    {
      "fiscalDateEnding": "2022-09-30",
      "reportedCurrency": "USD",
      "grossProfit": "3750000000",
      "totalRevenue": "12877000000",
      "costOfRevenue": "9127000000",
      "costofGoodsAndServicesSold": "9127000000",
      "operatingIncome": "1458000000",
      "sellingGeneralAndAdministrative": "482000000",
      "researchAndDevelopment": "None",
      "operatingExpenses": "2272000000",
      "investmentIncomeNet": "None",
      "netInterestIncome": "-324000000",
      "interestIncome": "104000000",
      "interestExpense": "428000000",
      "nonInterestIncome": "None",
      "otherNonOperatingIncome": "123000000",
      "depreciation": "None",
      "depreciationAndAmortization": "610000000",
      "incomeBeforeTax": "1153000000",
      "incomeTaxExpense": "211000000",
      "interestAndDebtExpense": "None",
      "netIncomeFromContinuingOperations": "942000000",
      "comprehensiveIncomeNetOfTax": "None",
      "ebit": "1581000000",
      "ebitda": "2191000000",
      "netIncome": "942000000"
    },
    {
      "fiscalDateEnding": "2022-06-30",
      "reportedCurrency": "USD",
      "grossProfit": "3025000000",
      "totalRevenue": "12112000000",
      "costOfRevenue": "9087000000",
      "costofGoodsAndServicesSold": "9087000000",
      "operatingIncome": "878000000",
      "sellingGeneralAndAdministrative": "4871000000",
      "researchAndDevelopment": "None",
      "operatingExpenses": "2147000000",
      "investmentIncomeNet": "None",
      "netInterestIncome": "-365000000",
      "interestIncome": "33000000",
      "interestExpense": "398000000",
      "nonInterestIncome": "None",
      "otherNonOperatingIncome": "-21000000",
      "depreciation": "None",
      "depreciationAndAmortization": "611000000",
      "incomeBeforeTax": "459000000",
      "incomeTaxExpense": "130000000",
      "interestAndDebtExpense": "None",
      "netIncomeFromContinuingOperations": "329000000",
      "comprehensiveIncomeNetOfTax": "None",
      "ebit": "857000000",
      "ebitda": "1468000000",
      "netIncome": "329000000"
    },
    {
      "fiscalDateEnding": "2022-03-31",
      "reportedCurrency": "USD",
      "grossProfit": "293000000",
      "totalRevenue": "7566000000",
      "costOfRevenue": "7273000000",
      "costofGoodsAndServicesSold": "7273000000",
      "operatingIncome": "-1384000000",
      "sellingGeneralAndAdministrative": "4464000000",
      "researchAndDevelopment": "None",
      "operatingExpenses": "1668000000",
      "investmentIncomeNet": "None",
      "netInterestIncome": "-395000000",
      "interestIncome": "5000000",
      "interestExpense": "400000000",
      "nonInterestIncome": "None",
      "otherNonOperatingIncome": "24000000",
      "depreciation": "None",
      "depreciationAndAmortization": "611000000",
      "incomeBeforeTax": "-1752000000",
      "incomeTaxExpense": "-375000000",
      "interestAndDebtExpense": "None",
      "netIncomeFromContinuingOperations": "-1377000000",
      "comprehensiveIncomeNetOfTax": "None",
      "ebit": "-1352000000",
      "ebitda": "-741000000",
      "netIncome": "-1377000000"
    },
    {
      "fiscalDateEnding": "2021-12-31",
      "reportedCurrency": "USD",
      "grossProfit": "1288000000",
      "totalRevenue": "8192000000",
      "costOfRevenue": "6904000000",
      "costofGoodsAndServicesSold": "6904000000",
      "operatingIncome": "-408000000",
      "sellingGeneralAndAdministrative": "235000000",
      "researchAndDevelopment": "None",
      "operatingExpenses": "1640000000",
      "investmentIncomeNet": "None",
      "netInterestIncome": "-400000000",
      "interestIncome": "6000000",
      "interestExpense": "406000000",
      "nonInterestIncome": "None",
      "otherNonOperatingIncome": "-31000000",
      "depreciation": "None",
      "depreciationAndAmortization": "619000000",
      "incomeBeforeTax": "-845000000",
      "incomeTaxExpense": "-199000000",
      "interestAndDebtExpense": "None",
      "netIncomeFromContinuingOperations": "-646000000",
      "comprehensiveIncomeNetOfTax": "None",
      "ebit": "-439000000",
      "ebitda": "180000000",
      "netIncome": "-646000000"
    },
    {
      "fiscalDateEnding": "2021-09-30",
      "reportedCurrency": "USD",
      "grossProfit": "1300000000",
      "totalRevenue": "7750000000",
      "costOfRevenue": "6450000000",
      "costofGoodsAndServicesSold": "6450000000",
      "operatingIncome": "1037000000",
      "sellingGeneralAndAdministrative": "218000000",
      "researchAndDevelopment": "None",
      "operatingExpenses": "283000000",
      "investmentIncomeNet": "None",
      "netInterestIncome": "-420000000",
      "interestIncome": "11000000",
      "interestExpense": "431000000",
      "nonInterestIncome": "None",
      "otherNonOperatingIncome": "-3000000",
      "depreciation": "None",
      "depreciationAndAmortization": "623000000",
      "incomeBeforeTax": "603000000",
      "incomeTaxExpense": "130000000",
      "interestAndDebtExpense": "None",
      "netIncomeFromContinuingOperations": "473000000",
      "comprehensiveIncomeNetOfTax": "None",
      "ebit": "1034000000",
      "ebitda": "1657000000",
      "netIncome": "473000000"
    },
    {
      "fiscalDateEnding": "2021-06-30",
      "reportedCurrency": "USD",
      "grossProfit": "-122000000",
      "totalRevenue": "5471000000",
      "costOfRevenue": "5593000000",
      "costofGoodsAndServicesSold": "5593000000",
      "operatingIncome": "-270000000",
      "sellingGeneralAndAdministrative": "139000000",
      "researchAndDevelopment": "None",
      "operatingExpenses": "148000000",
      "investmentIncomeNet": "None",
      "netInterestIncome": "-392000000",
      "interestIncome": "12000000",
      "interestExpense": "404000000",
      "nonInterestIncome": "None",
      "otherNonOperatingIncome": "110000000",
      "depreciation": "None",
      "depreciationAndAmortization": "620000000",
      "incomeBeforeTax": "-564000000",
      "incomeTaxExpense": "-130000000",
      "interestAndDebtExpense": "None",
      "netIncomeFromContinuingOperations": "-434000000",
      "comprehensiveIncomeNetOfTax": "None",
      "ebit": "-160000000",
      "ebitda": "460000000",
      "netIncome": "-434000000"
    },
    {
      "fiscalDateEnding": "2021-03-31",
      "reportedCurrency": "USD",
      "grossProfit": "-1402000000",
      "totalRevenue": "3221000000",
      "costOfRevenue": "4623000000",
      "costofGoodsAndServicesSold": "4623000000",
      "operatingIncome": "-1381000000",
      "sellingGeneralAndAdministrative": "3183000000",
      "researchAndDevelopment": "None",
      "operatingExpenses": "-21000000",
      "investmentIncomeNet": "None",
      "netInterestIncome": "-329000000",
      "interestIncome": "7000000",
      "interestExpense": "336000000",
      "nonInterestIncome": "None",
      "otherNonOperatingIncome": "-34000000",
      "depreciation": "None",
      "depreciationAndAmortization": "623000000",
      "incomeBeforeTax": "-1751000000",
      "incomeTaxExpense": "-394000000",
      "interestAndDebtExpense": "None",
      "netIncomeFromContinuingOperations": "-1357000000",
      "comprehensiveIncomeNetOfTax": "None",
      "ebit": "-1415000000",
      "ebitda": "-792000000",
      "netIncome": "-1357000000"
    },
    {
      "fiscalDateEnding": "2020-12-31",
      "reportedCurrency": "USD",
      "grossProfit": "-1378000000",
      "totalRevenue": "3412000000",
      "costOfRevenue": "4790000000",
      "costofGoodsAndServicesSold": "4790000000",
      "operatingIncome": "-2135000000",
      "sellingGeneralAndAdministrative": "3074000000",
      "researchAndDevelopment": "None",
      "operatingExpenses": "757000000",
      "investmentIncomeNet": "None",
      "netInterestIncome": "-329000000",
      "interestIncome": "5000000",
      "interestExpense": "334000000",
      "nonInterestIncome": "None",
      "otherNonOperatingIncome": "96000000",
      "depreciation": "None",
      "depreciationAndAmortization": "457000000",
      "incomeBeforeTax": "-2373000000",
      "incomeTaxExpense": "-476000000",
      "interestAndDebtExpense": "None",
      "netIncomeFromContinuingOperations": "-1897000000",
      "comprehensiveIncomeNetOfTax": "None",
      "ebit": "-2063000000",
      "ebitda": "-1606000000",
      "netIncome": "-1897000000"
    },
    {
      "fiscalDateEnding": "2020-09-30",
      "reportedCurrency": "USD",
      "grossProfit": "-1592000000",
      "totalRevenue": "2489000000",
      "costOfRevenue": "4081000000",
      "costofGoodsAndServicesSold": "4081000000",
      "operatingIncome": "-1615000000",
      "sellingGeneralAndAdministrative": "2961000000",
      "researchAndDevelopment": "None",
      "operatingExpenses": "-349000000",
      "investmentIncomeNet": "None",
      "netInterestIncome": "-321000000",
      "interestIncome": "8000000",
      "interestExpense": "329000000",
      "nonInterestIncome": "None",
      "otherNonOperatingIncome": "-388000000",
      "depreciation": "None",
      "depreciationAndAmortization": "626000000",
      "incomeBeforeTax": "-2332000000",
      "incomeTaxExpense": "-491000000",
      "interestAndDebtExpense": "None",
      "netIncomeFromContinuingOperations": "-1841000000",
      "comprehensiveIncomeNetOfTax": "None",
      "ebit": "-2003000000",
      "ebitda": "-1377000000",
      "netIncome": "-1841000000"
    },
    {
      "fiscalDateEnding": "2020-06-30",
      "reportedCurrency": "USD",
      "grossProfit": "-2527000000",
      "totalRevenue": "1475000000",
      "costOfRevenue": "4002000000",
      "costofGoodsAndServicesSold": "4002000000",
      "operatingIncome": "-1637000000",
      "sellingGeneralAndAdministrative": "2729000000",
      "researchAndDevelopment": "None",
      "operatingExpenses": "-1030000000",
      "investmentIncomeNet": "None",
      "netInterestIncome": "-168000000",
      "interestIncome": "11000000",
      "interestExpense": "179000000",
      "nonInterestIncome": "None",
      "otherNonOperatingIncome": "-187000000",
      "depreciation": "None",
      "depreciationAndAmortization": "618000000",
      "incomeBeforeTax": "-2003000000",
      "incomeTaxExpense": "-376000000",
      "interestAndDebtExpense": "None",
      "netIncomeFromContinuingOperations": "-1627000000",
      "comprehensiveIncomeNetOfTax": "None",
      "ebit": "-1824000000",
      "ebitda": "-1206000000",
      "netIncome": "-1627000000"
    },
    {
      "fiscalDateEnding": "2020-03-31",
      "reportedCurrency": "USD",
      "grossProfit": "839000000",
      "totalRevenue": "7979000000",
      "costOfRevenue": "7140000000",
      "costofGoodsAndServicesSold": "7140000000",
      "operatingIncome": "-972000000",
      "sellingGeneralAndAdministrative": "4703000000",
      "researchAndDevelopment": "None",
      "operatingExpenses": "1748000000",
      "investmentIncomeNet": "None",
      "netInterestIncome": "-124000000",
      "interestIncome": "26000000",
      "interestExpense": "150000000",
      "nonInterestIncome": "None",
      "otherNonOperatingIncome": "-992000000",
      "depreciation": "None",
      "depreciationAndAmortization": "615000000",
      "incomeBeforeTax": "-2114000000",
      "incomeTaxExpense": "-410000000",
      "interestAndDebtExpense": "None",
      "netIncomeFromContinuingOperations": "-1704000000",
      "comprehensiveIncomeNetOfTax": "None",
      "ebit": "-1964000000",
      "ebitda": "-1349000000",
      "netIncome": "-1704000000"
    },
    {
      "fiscalDateEnding": "2019-12-31",
      "reportedCurrency": "USD",
      "grossProfit": "3038000000",
      "totalRevenue": "10888000000",
      "costOfRevenue": "7850000000",
      "costofGoodsAndServicesSold": "7850000000",
      "operatingIncome": "861000000",
      "sellingGeneralAndAdministrative": "5125000000",
      "researchAndDevelopment": "None",
      "operatingExpenses": "2177000000",
      "investmentIncomeNet": "None",
      "netInterestIncome": "-111000000",
      "interestIncome": "30000000",
      "interestExpense": "141000000",
      "nonInterestIncome": "None",
      "otherNonOperatingIncome": "124000000",
      "depreciation": "None",
      "depreciationAndAmortization": "471000000",
      "incomeBeforeTax": "844000000",
      "incomeTaxExpense": "203000000",
      "interestAndDebtExpense": "None",
      "netIncomeFromContinuingOperations": "641000000",
      "comprehensiveIncomeNetOfTax": "None",
      "ebit": "1010000000",
      "ebitda": "1481000000",
      "netIncome": "641000000"
    },
    {
      "fiscalDateEnding": "2019-09-30",
      "reportedCurrency": "USD",
      "grossProfit": "3523000000",
      "totalRevenue": "11380000000",
      "costOfRevenue": "7857000000",
      "costofGoodsAndServicesSold": "7857000000",
      "operatingIncome": "1473000000",
      "sellingGeneralAndAdministrative": "432000000",
      "researchAndDevelopment": "None",
      "operatingExpenses": "2023000000",
      "investmentIncomeNet": "None",
      "netInterestIncome": "-133000000",
      "interestIncome": "36000000",
      "interestExpense": "169000000",
      "nonInterestIncome": "None",
      "otherNonOperatingIncome": "45000000",
      "depreciation": "None",
      "depreciationAndAmortization": "575000000",
      "incomeBeforeTax": "1349000000",
      "incomeTaxExpense": "325000000",
      "interestAndDebtExpense": "None",
      "netIncomeFromContinuingOperations": "1024000000",
      "comprehensiveIncomeNetOfTax": "None",
      "ebit": "1518000000",
      "ebitda": "2093000000",
      "netIncome": "1024000000"
    },
    {
      "fiscalDateEnding": "2019-06-30",
      "reportedCurrency": "USD",
      "grossProfit": "3531000000",
      "totalRevenue": "11402000000",
      "costOfRevenue": "7871000000",
      "costofGoodsAndServicesSold": "7871000000",
      "operatingIncome": "1472000000",
      "sellingGeneralAndAdministrative": "442000000",
      "researchAndDevelopment": "None",
      "operatingExpenses": "2059000000",
      "investmentIncomeNet": "None",
      "netInterestIncome": "-132000000",
      "interestIncome": "38000000",
      "interestExpense": "170000000",
      "nonInterestIncome": "None",
      "otherNonOperatingIncome": "52000000",
      "depreciation": "None",
      "depreciationAndAmortization": "560000000",
      "incomeBeforeTax": "1354000000",
      "incomeTaxExpense": "302000000",
      "interestAndDebtExpense": "None",
      "netIncomeFromContinuingOperations": "1052000000",
      "comprehensiveIncomeNetOfTax": "None",
      "ebit": "1524000000",
      "ebitda": "2084000000",
      "netIncome": "1052000000"
    },
    {
      "fiscalDateEnding": "2019-03-31",
      "reportedCurrency": "USD",
      "grossProfit": "2381000000",
      "totalRevenue": "9589000000",
      "costOfRevenue": "7208000000",
      "costofGoodsAndServicesSold": "7208000000",
      "operatingIncome": "495000000",
      "sellingGeneralAndAdministrative": "4741000000",
      "researchAndDevelopment": "0",
      "operatingExpenses": "1868000000",
      "investmentIncomeNet": "None",
      "netInterestIncome": "-137000000",
      "interestIncome": "29000000",
      "interestExpense": "166000000",
      "nonInterestIncome": "None",
      "otherNonOperatingIncome": "38000000",
      "depreciation": "None",
      "depreciationAndAmortization": "547000000",
      "incomeBeforeTax": "367000000",
      "incomeTaxExpense": "75000000",
      "interestAndDebtExpense": "None",
      "netIncomeFromContinuingOperations": "292000000",
      "comprehensiveIncomeNetOfTax": "None",
      "ebit": "533000000",
      "ebitda": "1080000000",
      "netIncome": "292000000"
    },
    {
      "fiscalDateEnding": "2018-12-31",
      "reportedCurrency": "USD",
      "grossProfit": "2857000000",
      "totalRevenue": "10491000000",
      "costOfRevenue": "7634000000",
      "costofGoodsAndServicesSold": "7634000000",
      "operatingIncome": "652000000",
      "sellingGeneralAndAdministrative": "4828000000",
      "researchAndDevelopment": "0",
      "operatingExpenses": "2205000000",
      "investmentIncomeNet": "None",
      "netInterestIncome": "None",
      "interestIncome": "None",
      "interestExpense": "170000000",
      "nonInterestIncome": "None",
      "otherNonOperatingIncome": "74000000",
      "depreciation": "None",
      "depreciationAndAmortization": "301000000",
      "incomeBeforeTax": "556000000",
      "incomeTaxExpense": "94000000",
      "interestAndDebtExpense": "None",
      "netIncomeFromContinuingOperations": "462000000",
      "comprehensiveIncomeNetOfTax": "None",
      "ebit": "726000000",
      "ebitda": "1027000000",
      "netIncome": "462000000"
    },
    {
      "fiscalDateEnding": "2018-09-30",
      "reportedCurrency": "USD",
      "grossProfit": "3098000000",
      "totalRevenue": "11003000000",
      "costOfRevenue": "7905000000",
      "costofGoodsAndServicesSold": "7905000000",
      "operatingIncome": "1203000000",
      "sellingGeneralAndAdministrative": "4824000000",
      "researchAndDevelopment": "0",
      "operatingExpenses": "1894000000",
      "investmentIncomeNet": "None",
      "netInterestIncome": "None",
      "interestIncome": "None",
      "interestExpense": "156000000",
      "nonInterestIncome": "None",
      "otherNonOperatingIncome": "27000000",
      "depreciation": "None",
      "depreciationAndAmortization": "564000000",
      "incomeBeforeTax": "1061000000",
      "incomeTaxExpense": "225000000",
      "interestAndDebtExpense": "None",
      "netIncomeFromContinuingOperations": "836000000",
      "comprehensiveIncomeNetOfTax": "None",
      "ebit": "1230000000",
      "ebitda": "1794000000",
      "netIncome": "833000000"
    },
    {
      "fiscalDateEnding": "2018-06-30",
      "reportedCurrency": "USD",
      "grossProfit": "3096000000",
      "totalRevenue": "10777000000",
      "costOfRevenue": "7681000000",
      "costofGoodsAndServicesSold": "7681000000",
      "operatingIncome": "1161000000",
      "sellingGeneralAndAdministrative": "4699000000",
      "researchAndDevelopment": "0",
      "operatingExpenses": "1760000000",
      "investmentIncomeNet": "None",
      "netInterestIncome": "None",
      "interestIncome": "None",
      "interestExpense": "151000000",
      "nonInterestIncome": "None",
      "otherNonOperatingIncome": "-141000000",
      "depreciation": "None",
      "depreciationAndAmortization": "557000000",
      "incomeBeforeTax": "857000000",
      "incomeTaxExpense": "173000000",
      "interestAndDebtExpense": "None",
      "netIncomeFromContinuingOperations": "684000000",
      "comprehensiveIncomeNetOfTax": "None",
      "ebit": "1020000000",
      "ebitda": "1577000000",
      "netIncome": "683000000"
    },
    {
      "fiscalDateEnding": "2018-03-31",
      "reportedCurrency": "USD",
      "grossProfit": "2041000000",
      "totalRevenue": "9032000000",
      "costOfRevenue": "6991000000",
      "costofGoodsAndServicesSold": "6991000000",
      "operatingIncome": "276000000",
      "sellingGeneralAndAdministrative": "4466000000",
      "researchAndDevelopment": "0",
      "operatingExpenses": "1740000000",
      "investmentIncomeNet": "None",
      "netInterestIncome": "None",
      "interestIncome": "None",
      "interestExpense": "144000000",
      "nonInterestIncome": "None",
      "otherNonOperatingIncome": "65000000",
      "depreciation": "None",
      "depreciationAndAmortization": "541000000",
      "incomeBeforeTax": "184000000",
      "incomeTaxExpense": "37000000",
      "interestAndDebtExpense": "None",
      "netIncomeFromContinuingOperations": "147000000",
      "comprehensiveIncomeNetOfTax": "None",
      "ebit": "341000000",
      "ebitda": "882000000",
      "netIncome": "145000000"
    },
    {
      "fiscalDateEnding": "2017-12-31",
      "reportedCurrency": "USD",
      "grossProfit": "2546000000",
      "totalRevenue": "9438000000",
      "costOfRevenue": "6892000000",
      "costofGoodsAndServicesSold": "6892000000",
      "operatingIncome": "729000000",
      "sellingGeneralAndAdministrative": "4490000000",
      "researchAndDevelopment": "0",
      "operatingExpenses": "2348000000",
      "investmentIncomeNet": "None",
      "netInterestIncome": "None",
      "interestIncome": "None",
      "interestExpense": "151000000",
      "nonInterestIncome": "None",
      "otherNonOperatingIncome": "22000000",
      "depreciation": "None",
      "depreciationAndAmortization": "2149000000",
      "incomeBeforeTax": "600000000",
      "incomeTaxExpense": "20000000",
      "interestAndDebtExpense": "None",
      "netIncomeFromContinuingOperations": "580000000",
      "comprehensiveIncomeNetOfTax": "None",
      "ebit": "-451000000",
      "ebitda": "751000000",
      "netIncome": "580000000"
    },
    {
      "fiscalDateEnding": "2017-09-30",
      "reportedCurrency": "USD",
      "grossProfit": "3001000000",
      "totalRevenue": "9899000000",
      "costOfRevenue": "6898000000",
      "costofGoodsAndServicesSold": "6898000000",
      "operatingIncome": "1092000000",
      "sellingGeneralAndAdministrative": "4623000000",
      "researchAndDevelopment": "0",
      "operatingExpenses": "1811000000",
      "investmentIncomeNet": "None",
      "netInterestIncome": "None",
      "interestIncome": "None",
      "interestExpense": "149000000",
      "nonInterestIncome": "None",
      "otherNonOperatingIncome": "32000000",
      "depreciation": "None",
      "depreciationAndAmortization": "556000000",
      "incomeBeforeTax": "980000000",
      "incomeTaxExpense": "343000000",
      "interestAndDebtExpense": "None",
      "netIncomeFromContinuingOperations": "637000000",
      "comprehensiveIncomeNetOfTax": "None",
      "ebit": "1124000000",
      "ebitda": "1680000000",
      "netIncome": "645000000"
    },
    {
      "fiscalDateEnding": "2017-06-30",
      "reportedCurrency": "USD",
      "grossProfit": "3247000000",
      "totalRevenue": "10008000000",
      "costOfRevenue": "6761000000",
      "costofGoodsAndServicesSold": "6761000000",
      "operatingIncome": "1399000000",
      "sellingGeneralAndAdministrative": "4638000000",
      "researchAndDevelopment": "0",
      "operatingExpenses": "1770000000",
      "investmentIncomeNet": "None",
      "netInterestIncome": "None",
      "interestIncome": "None",
      "interestExpense": "146000000",
      "nonInterestIncome": "None",
      "otherNonOperatingIncome": "12000000",
      "depreciation": "None",
      "depreciationAndAmortization": "536000000",
      "incomeBeforeTax": "1274000000",
      "incomeTaxExpense": "456000000",
      "interestAndDebtExpense": "None",
      "netIncomeFromContinuingOperations": "818000000",
      "comprehensiveIncomeNetOfTax": "None",
      "ebit": "1411000000",
      "ebitda": "1947000000",
      "netIncome": "821000000"
    },
    {
      "fiscalDateEnding": "2017-03-31",
      "reportedCurrency": "USD",
      "grossProfit": "1999000000",
      "totalRevenue": "8426000000",
      "costOfRevenue": "6427000000",
      "costofGoodsAndServicesSold": "6427000000",
      "operatingIncome": "320000000",
      "sellingGeneralAndAdministrative": "4300000000",
      "researchAndDevelopment": "0",
      "operatingExpenses": "1639000000",
      "investmentIncomeNet": "None",
      "netInterestIncome": "None",
      "interestIncome": "None",
      "interestExpense": "139000000",
      "nonInterestIncome": "None",
      "otherNonOperatingIncome": "-6000000",
      "depreciation": "None",
      "depreciationAndAmortization": "518000000",
      "incomeBeforeTax": "145000000",
      "incomeTaxExpense": "49000000",
      "interestAndDebtExpense": "None",
      "netIncomeFromContinuingOperations": "96000000",
      "comprehensiveIncomeNetOfTax": "None",
      "ebit": "272000000",
      "ebitda": "790000000",
      "netIncome": "99000000"
    },
    {
      "fiscalDateEnding": "2016-12-31",
      "reportedCurrency": "USD",
      "grossProfit": "2713000000",
      "totalRevenue": "9052000000",
      "costOfRevenue": "6339000000",
      "costofGoodsAndServicesSold": "6339000000",
      "operatingIncome": "1005000000",
      "sellingGeneralAndAdministrative": "4307000000",
      "researchAndDevelopment": "0",
      "operatingExpenses": "1708000000",
      "investmentIncomeNet": "None",
      "netInterestIncome": "None",
      "interestIncome": "None",
      "interestExpense": "124000000",
      "nonInterestIncome": "None",
      "otherNonOperatingIncome": "3000000",
      "depreciation": "None",
      "depreciationAndAmortization": "1977000000",
      "incomeBeforeTax": "884000000",
      "incomeTaxExpense": "487000000",
      "interestAndDebtExpense": "None",
      "netIncomeFromContinuingOperations": "397000000",
      "comprehensiveIncomeNetOfTax": "None",
      "ebit": "-969000000",
      "ebitda": "1008000000",
      "netIncome": "397000000"
    },
    {
      "fiscalDateEnding": "2016-09-30",
      "reportedCurrency": "USD",
      "grossProfit": "3445000000",
      "totalRevenue": "9913000000",
      "costOfRevenue": "6468000000",
      "costofGoodsAndServicesSold": "6468000000",
      "operatingIncome": "1624000000",
      "sellingGeneralAndAdministrative": "4401000000",
      "researchAndDevelopment": "0",
      "operatingExpenses": "1776000000",
      "investmentIncomeNet": "None",
      "netInterestIncome": "None",
      "interestIncome": "None",
      "interestExpense": "130000000",
      "nonInterestIncome": "None",
      "otherNonOperatingIncome": "16000000",
      "depreciation": "None",
      "depreciationAndAmortization": "503000000",
      "incomeBeforeTax": "1510000000",
      "incomeTaxExpense": "545000000",
      "interestAndDebtExpense": "None",
      "netIncomeFromContinuingOperations": "965000000",
      "comprehensiveIncomeNetOfTax": "None",
      "ebit": "1640000000",
      "ebitda": "2143000000",
      "netIncome": "965000000"
    },
    {
      "fiscalDateEnding": "2016-06-30",
      "reportedCurrency": "USD",
      "grossProfit": "3161000000",
      "totalRevenue": "9396000000",
      "costOfRevenue": "6235000000",
      "costofGoodsAndServicesSold": "6235000000",
      "operatingIncome": "1060000000",
      "sellingGeneralAndAdministrative": "4259000000",
      "researchAndDevelopment": "0",
      "operatingExpenses": "2101000000",
      "investmentIncomeNet": "None",
      "netInterestIncome": "None",
      "interestIncome": "None",
      "interestExpense": "143000000",
      "nonInterestIncome": "None",
      "otherNonOperatingIncome": "14000000",
      "depreciation": "None",
      "depreciationAndAmortization": "491000000",
      "incomeBeforeTax": "931000000",
      "incomeTaxExpense": "343000000",
      "interestAndDebtExpense": "None",
      "netIncomeFromContinuingOperations": "588000000",
      "comprehensiveIncomeNetOfTax": "None",
      "ebit": "1017000000",
      "ebitda": "1508000000",
      "netIncome": "588000000"
    },
    {
      "fiscalDateEnding": "2016-03-31",
      "reportedCurrency": "USD",
      "grossProfit": "2381000000",
      "totalRevenue": "8195000000",
      "costOfRevenue": "5814000000",
      "costofGoodsAndServicesSold": "5814000000",
      "operatingIncome": "649000000",
      "sellingGeneralAndAdministrative": "4032000000",
      "researchAndDevelopment": "0",
      "operatingExpenses": "1732000000",
      "investmentIncomeNet": "None",
      "netInterestIncome": "None",
      "interestIncome": "None",
      "interestExpense": "145000000",
      "nonInterestIncome": "None",
      "otherNonOperatingIncome": "-10000000",
      "depreciation": "None",
      "depreciationAndAmortization": "479000000",
      "incomeBeforeTax": "494000000",
      "incomeTaxExpense": "181000000",
      "interestAndDebtExpense": "None",
      "netIncomeFromContinuingOperations": "313000000",
      "comprehensiveIncomeNetOfTax": "None",
      "ebit": "350000000",
      "ebitda": "829000000",
      "netIncome": "313000000"
    },
    {
      "fiscalDateEnding": "2015-12-31",
      "reportedCurrency": "USD",
      "grossProfit": "2824000000",
      "totalRevenue": "9036000000",
      "costOfRevenue": "6212000000",
      "costofGoodsAndServicesSold": "6212000000",
      "operatingIncome": "1081000000",
      "sellingGeneralAndAdministrative": "4036000000",
      "researchAndDevelopment": "0",
      "operatingExpenses": "1612000000",
      "investmentIncomeNet": "None",
      "netInterestIncome": "None",
      "interestIncome": "None",
      "interestExpense": "154000000",
      "nonInterestIncome": "None",
      "otherNonOperatingIncome": "-22000000",
      "depreciation": "None",
      "depreciationAndAmortization": "1819000000",
      "incomeBeforeTax": "905000000",
      "incomeTaxExpense": "82000000",
      "interestAndDebtExpense": "None",
      "netIncomeFromContinuingOperations": "823000000",
      "comprehensiveIncomeNetOfTax": "None",
      "ebit": "-760000000",
      "ebitda": "1059000000",
      "netIncome": "823000000"
    },
    {
      "fiscalDateEnding": "2015-09-30",
      "reportedCurrency": "USD",
      "grossProfit": "3637000000",
      "totalRevenue": "10306000000",
      "costOfRevenue": "6669000000",
      "costofGoodsAndServicesSold": "6669000000",
      "operatingIncome": "1899000000",
      "sellingGeneralAndAdministrative": "4196000000",
      "researchAndDevelopment": "0",
      "operatingExpenses": "1738000000",
      "investmentIncomeNet": "None",
      "netInterestIncome": "None",
      "interestIncome": "None",
      "interestExpense": "151000000",
      "nonInterestIncome": "None",
      "otherNonOperatingIncome": "-142000000",
      "depreciation": "None",
      "depreciationAndAmortization": "469000000",
      "incomeBeforeTax": "1606000000",
      "incomeTaxExpense": "-3210000000",
      "interestAndDebtExpense": "None",
      "netIncomeFromContinuingOperations": "4816000000",
      "comprehensiveIncomeNetOfTax": "None",
      "ebit": "1442000000",
      "ebitda": "1911000000",
      "netIncome": "4816000000"
    },
    {
      "fiscalDateEnding": "2015-06-30",
      "reportedCurrency": "USD",
      "grossProfit": "3148000000",
      "totalRevenue": "9914000000",
      "costOfRevenue": "6766000000",
      "costofGoodsAndServicesSold": "6766000000",
      "operatingIncome": "1445000000",
      "sellingGeneralAndAdministrative": "4102000000",
      "researchAndDevelopment": "0",
      "operatingExpenses": "1648000000",
      "investmentIncomeNet": "None",
      "netInterestIncome": "None",
      "interestIncome": "None",
      "interestExpense": "154000000",
      "nonInterestIncome": "None",
      "otherNonOperatingIncome": "-94000000",
      "depreciation": "None",
      "depreciationAndAmortization": "445000000",
      "incomeBeforeTax": "1197000000",
      "incomeTaxExpense": "4000000",
      "interestAndDebtExpense": "None",
      "netIncomeFromContinuingOperations": "1193000000",
      "comprehensiveIncomeNetOfTax": "None",
      "ebit": "1500000000",
      "ebitda": "1945000000",
      "netIncome": "1193000000"
    },
    {
      "fiscalDateEnding": "2015-03-31",
      "reportedCurrency": "USD",
      "grossProfit": "2303000000",
      "totalRevenue": "8608000000",
      "costOfRevenue": "6305000000",
      "costofGoodsAndServicesSold": "6305000000",
      "operatingIncome": "741000000",
      "sellingGeneralAndAdministrative": "3799000000",
      "researchAndDevelopment": "0",
      "operatingExpenses": "1562000000",
      "investmentIncomeNet": "None",
      "netInterestIncome": "None",
      "interestIncome": "None",
      "interestExpense": "161000000",
      "nonInterestIncome": "None",
      "otherNonOperatingIncome": "-69000000",
      "depreciation": "None",
      "depreciationAndAmortization": "429000000",
      "incomeBeforeTax": "511000000",
      "incomeTaxExpense": "3000000",
      "interestAndDebtExpense": "None",
      "netIncomeFromContinuingOperations": "508000000",
      "comprehensiveIncomeNetOfTax": "None",
      "ebit": "805000000",
      "ebitda": "1234000000",
      "netIncome": "508000000"
    },
    {
      "fiscalDateEnding": "2014-12-31",
      "reportedCurrency": "USD",
      "grossProfit": "2306000000",
      "totalRevenue": "9313000000",
      "costOfRevenue": "7007000000",
      "costofGoodsAndServicesSold": "7007000000",
      "operatingIncome": "625000000",
      "sellingGeneralAndAdministrative": "3753000000",
      "researchAndDevelopment": "0",
      "operatingExpenses": "1502000000",
      "investmentIncomeNet": "None",
      "netInterestIncome": "None",
      "interestIncome": "None",
      "interestExpense": "164000000",
      "nonInterestIncome": "None",
      "otherNonOperatingIncome": "-438000000",
      "depreciation": "None",
      "depreciationAndAmortization": "1679000000",
      "incomeBeforeTax": "23000000",
      "incomeTaxExpense": "-5000000",
      "interestAndDebtExpense": "None",
      "netIncomeFromContinuingOperations": "28000000",
      "comprehensiveIncomeNetOfTax": "None",
      "ebit": "-1492000000",
      "ebitda": "187000000",
      "netIncome": "28000000"
    },
    {
      "fiscalDateEnding": "2014-09-30",
      "reportedCurrency": "USD",
      "grossProfit": "2849000000",
      "totalRevenue": "10563000000",
      "costOfRevenue": "7714000000",
      "costofGoodsAndServicesSold": "7714000000",
      "operatingIncome": "1191000000",
      "sellingGeneralAndAdministrative": "3959000000",
      "researchAndDevelopment": "0",
      "operatingExpenses": "1615000000",
      "investmentIncomeNet": "None",
      "netInterestIncome": "None",
      "interestIncome": "None",
      "interestExpense": "173000000",
      "nonInterestIncome": "None",
      "otherNonOperatingIncome": "-98000000",
      "depreciation": "None",
      "depreciationAndAmortization": "422000000",
      "incomeBeforeTax": "920000000",
      "incomeTaxExpense": "-4000000",
      "interestAndDebtExpense": "None",
      "netIncomeFromContinuingOperations": "924000000",
      "comprehensiveIncomeNetOfTax": "None",
      "ebit": "1234000000",
      "ebitda": "1656000000",
      "netIncome": "924000000"
    },
    {
      "fiscalDateEnding": "2014-06-30",
      "reportedCurrency": "USD",
      "grossProfit": "2773000000",
      "totalRevenue": "10329000000",
      "costOfRevenue": "7556000000",
      "costofGoodsAndServicesSold": "7556000000",
      "operatingIncome": "906000000",
      "sellingGeneralAndAdministrative": "3885000000",
      "researchAndDevelopment": "0",
      "operatingExpenses": "1867000000",
      "investmentIncomeNet": "None",
      "netInterestIncome": "None",
      "interestIncome": "None",
      "interestExpense": "173000000",
      "nonInterestIncome": "None",
      "otherNonOperatingIncome": "58000000",
      "depreciation": "None",
      "depreciationAndAmortization": "417000000",
      "incomeBeforeTax": "791000000",
      "incomeTaxExpense": "2000000",
      "interestAndDebtExpense": "None",
      "netIncomeFromContinuingOperations": "789000000",
      "comprehensiveIncomeNetOfTax": "None",
      "ebit": "1075000000",
      "ebitda": "1492000000",
      "netIncome": "789000000"
    },
    {
      "fiscalDateEnding": "2014-03-31",
      "reportedCurrency": "USD",
      "grossProfit": "1404000000",
      "totalRevenue": "8696000000",
      "costOfRevenue": "7292000000",
      "costofGoodsAndServicesSold": "7292000000",
      "operatingIncome": "-349000000",
      "sellingGeneralAndAdministrative": "3854000000",
      "researchAndDevelopment": "0",
      "operatingExpenses": "1701000000",
      "investmentIncomeNet": "None",
      "netInterestIncome": "None",
      "interestIncome": "None",
      "interestExpense": "173000000",
      "nonInterestIncome": "None",
      "otherNonOperatingIncome": "-84000000",
      "depreciation": "None",
      "depreciationAndAmortization": "409000000",
      "incomeBeforeTax": "-606000000",
      "incomeTaxExpense": "3000000",
      "interestAndDebtExpense": "None",
      "netIncomeFromContinuingOperations": "-609000000",
      "comprehensiveIncomeNetOfTax": "None",
      "ebit": "-297000000",
      "ebitda": "112000000",
      "netIncome": "-609000000"
    },
    {
      "fiscalDateEnding": "2013-12-31",
      "reportedCurrency": "USD",
      "grossProfit": "2040000000",
      "totalRevenue": "9329000000",
      "costOfRevenue": "7289000000",
      "costofGoodsAndServicesSold": "7289000000",
      "operatingIncome": "235000000",
      "sellingGeneralAndAdministrative": "3754000000",
      "researchAndDevelopment": "0",
      "operatingExpenses": "1640000000",
      "investmentIncomeNet": "None",
      "netInterestIncome": "None",
      "interestIncome": "None",
      "interestExpense": "179000000",
      "nonInterestIncome": "None",
      "otherNonOperatingIncome": "56000000",
      "depreciation": "None",
      "depreciationAndAmortization": "1689000000",
      "incomeBeforeTax": "112000000",
      "incomeTaxExpense": "-28000000",
      "interestAndDebtExpense": "None",
      "netIncomeFromContinuingOperations": "140000000",
      "comprehensiveIncomeNetOfTax": "None",
      "ebit": "-1398000000",
      "ebitda": "291000000",
      "netIncome": "140000000"
    },
    {
      "fiscalDateEnding": "2013-09-30",
      "reportedCurrency": "USD",
      "grossProfit": "2458000000",
      "totalRevenue": "10228000000",
      "costOfRevenue": "7770000000",
      "costofGoodsAndServicesSold": "7770000000",
      "operatingIncome": "508000000",
      "sellingGeneralAndAdministrative": "3948000000",
      "researchAndDevelopment": "0",
      "operatingExpenses": "1950000000",
      "investmentIncomeNet": "None",
      "netInterestIncome": "None",
      "interestIncome": "None",
      "interestExpense": "183000000",
      "nonInterestIncome": "None",
      "otherNonOperatingIncome": "57000000",
      "depreciation": "None",
      "depreciationAndAmortization": "435000000",
      "incomeBeforeTax": "382000000",
      "incomeTaxExpense": "3000000",
      "interestAndDebtExpense": "None",
      "netIncomeFromContinuingOperations": "379000000",
      "comprehensiveIncomeNetOfTax": "None",
      "ebit": "341000000",
      "ebitda": "776000000",
      "netIncome": "379000000"
    },
    {
      "fiscalDateEnding": "2013-06-30",
      "reportedCurrency": "USD",
      "grossProfit": "2483000000",
      "totalRevenue": "10001000000",
      "costOfRevenue": "7518000000",
      "costofGoodsAndServicesSold": "7518000000",
      "operatingIncome": "770000000",
      "sellingGeneralAndAdministrative": "3836000000",
      "researchAndDevelopment": "0",
      "operatingExpenses": "1661000000",
      "investmentIncomeNet": "None",
      "netInterestIncome": "None",
      "interestIncome": "None",
      "interestExpense": "182000000",
      "nonInterestIncome": "None",
      "otherNonOperatingIncome": "-117000000",
      "depreciation": "None",
      "depreciationAndAmortization": "425000000",
      "incomeBeforeTax": "471000000",
      "incomeTaxExpense": "2000000",
      "interestAndDebtExpense": "None",
      "netIncomeFromContinuingOperations": "469000000",
      "comprehensiveIncomeNetOfTax": "None",
      "ebit": "822000000",
      "ebitda": "1247000000",
      "netIncome": "469000000"
    },
    {
      "fiscalDateEnding": "2013-03-31",
      "reportedCurrency": "USD",
      "grossProfit": "1373000000",
      "totalRevenue": "8721000000",
      "costOfRevenue": "7348000000",
      "costofGoodsAndServicesSold": "7348000000",
      "operatingIncome": "-264000000",
      "sellingGeneralAndAdministrative": "3672000000",
      "researchAndDevelopment": "0",
      "operatingExpenses": "1637000000",
      "investmentIncomeNet": "None",
      "netInterestIncome": "None",
      "interestIncome": "None",
      "interestExpense": "190000000",
      "nonInterestIncome": "None",
      "otherNonOperatingIncome": "28000000",
      "depreciation": "None",
      "depreciationAndAmortization": "408000000",
      "incomeBeforeTax": "-426000000",
      "incomeTaxExpense": "-9000000",
      "interestAndDebtExpense": "None",
      "netIncomeFromContinuingOperations": "-417000000",
      "comprehensiveIncomeNetOfTax": "None",
      "ebit": "-172000000",
      "ebitda": "236000000",
      "netIncome": "-417000000"
    },
    {
      "fiscalDateEnding": "2012-12-31",
      "reportedCurrency": "USD",
      "grossProfit": "1887000000",
      "totalRevenue": "8702000000",
      "costOfRevenue": "6815000000",
      "costofGoodsAndServicesSold": "6815000000",
      "operatingIncome": "-465000000",
      "sellingGeneralAndAdministrative": "6511000000",
      "researchAndDevelopment": "0",
      "operatingExpenses": "2333000000",
      "investmentIncomeNet": "None",
      "netInterestIncome": "None",
      "interestIncome": "None",
      "interestExpense": "193000000",
      "nonInterestIncome": "None",
      "otherNonOperatingIncome": "None",
      "depreciation": "None",
      "depreciationAndAmortization": "385000000",
      "incomeBeforeTax": "-632000000",
      "incomeTaxExpense": "-12000000",
      "interestAndDebtExpense": "None",
      "netIncomeFromContinuingOperations": "0",
      "comprehensiveIncomeNetOfTax": "None",
      "ebit": "-439000000",
      "ebitda": "-54000000",
      "netIncome": "-620000000"
    },
    {
      "fiscalDateEnding": "2012-09-30",
      "reportedCurrency": "USD",
      "grossProfit": "2240000000",
      "totalRevenue": "9909000000",
      "costOfRevenue": "7669000000",
      "costofGoodsAndServicesSold": "7669000000",
      "operatingIncome": "200000000",
      "sellingGeneralAndAdministrative": "2283000000",
      "researchAndDevelopment": "0",
      "operatingExpenses": "2040000000",
      "investmentIncomeNet": "None",
      "netInterestIncome": "None",
      "interestIncome": "None",
      "interestExpense": "193000000",
      "nonInterestIncome": "None",
      "otherNonOperatingIncome": "None",
      "depreciation": "None",
      "depreciationAndAmortization": "379000000",
      "incomeBeforeTax": "15000000",
      "incomeTaxExpense": "9000000",
      "interestAndDebtExpense": "None",
      "netIncomeFromContinuingOperations": "0",
      "comprehensiveIncomeNetOfTax": "None",
      "ebit": "-171000000",
      "ebitda": "208000000",
      "netIncome": "6000000"
    },
    {
      "fiscalDateEnding": "2012-06-30",
      "reportedCurrency": "USD",
      "grossProfit": "2300000000",
      "totalRevenue": "9939000000",
      "costOfRevenue": "7639000000",
      "costofGoodsAndServicesSold": "7639000000",
      "operatingIncome": "575000000",
      "sellingGeneralAndAdministrative": "2275000000",
      "researchAndDevelopment": "0",
      "operatingExpenses": "1725000000",
      "investmentIncomeNet": "None",
      "netInterestIncome": "None",
      "interestIncome": "None",
      "interestExpense": "204000000",
      "nonInterestIncome": "None",
      "otherNonOperatingIncome": "None",
      "depreciation": "None",
      "depreciationAndAmortization": "378000000",
      "incomeBeforeTax": "340000000",
      "incomeTaxExpense": "1000000",
      "interestAndDebtExpense": "None",
      "netIncomeFromContinuingOperations": "0",
      "comprehensiveIncomeNetOfTax": "None",
      "ebit": "788000000",
      "ebitda": "1166000000",
      "netIncome": "339000000"
    },
    {
      "fiscalDateEnding": "2012-03-31",
      "reportedCurrency": "USD",
      "grossProfit": "1353000000",
      "totalRevenue": "8602000000",
      "costOfRevenue": "7249000000",
      "costofGoodsAndServicesSold": "7249000000",
      "operatingIncome": "-271000000",
      "sellingGeneralAndAdministrative": "2513000000",
      "researchAndDevelopment": "0",
      "operatingExpenses": "1624000000",
      "investmentIncomeNet": "None",
      "netInterestIncome": "None",
      "interestIncome": "None",
      "interestExpense": "208000000",
      "nonInterestIncome": "None",
      "otherNonOperatingIncome": "None",
      "depreciation": "None",
      "depreciationAndAmortization": "380000000",
      "incomeBeforeTax": "-447000000",
      "incomeTaxExpense": "1000000",
      "interestAndDebtExpense": "None",
      "netIncomeFromContinuingOperations": "0",
      "comprehensiveIncomeNetOfTax": "None",
      "ebit": "-94000000",
      "ebitda": "286000000",
      "netIncome": "-448000000"
    },
    {
      "fiscalDateEnding": "2011-12-31",
      "reportedCurrency": "USD",
      "grossProfit": "4087000000",
      "totalRevenue": "8928000000",
      "costOfRevenue": "4841000000",
      "costofGoodsAndServicesSold": "4841000000",
      "operatingIncome": "45000000",
      "sellingGeneralAndAdministrative": "1910000000",
      "researchAndDevelopment": "0",
      "operatingExpenses": "3793000000",
      "investmentIncomeNet": "None",
      "netInterestIncome": "None",
      "interestIncome": "None",
      "interestExpense": "186000000",
      "nonInterestIncome": "None",
      "otherNonOperatingIncome": "None",
      "depreciation": "None",
      "depreciationAndAmortization": "390000000",
      "incomeBeforeTax": "-146000000",
      "incomeTaxExpense": "-8000000",
      "interestAndDebtExpense": "None",
      "netIncomeFromContinuingOperations": "0",
      "comprehensiveIncomeNetOfTax": "None",
      "ebit": "40000000",
      "ebitda": "430000000",
      "netIncome": "-138000000"
    },
    {
      "fiscalDateEnding": "2011-09-30",
      "reportedCurrency": "USD",
      "grossProfit": "5003000000",
      "totalRevenue": "10171000000",
      "costOfRevenue": "5168000000",
      "costofGoodsAndServicesSold": "5168000000",
      "operatingIncome": "935000000",
      "sellingGeneralAndAdministrative": "2020000000",
      "researchAndDevelopment": "0",
      "operatingExpenses": "3948000000",
      "investmentIncomeNet": "None",
      "netInterestIncome": "None",
      "interestIncome": "None",
      "interestExpense": "217000000",
      "nonInterestIncome": "None",
      "otherNonOperatingIncome": "None",
      "depreciation": "None",
      "depreciationAndAmortization": "384000000",
      "incomeBeforeTax": "660000000",
      "incomeTaxExpense": "7000000",
      "interestAndDebtExpense": "None",
      "netIncomeFromContinuingOperations": "0",
      "comprehensiveIncomeNetOfTax": "None",
      "ebit": "877000000",
      "ebitda": "1261000000",
      "netIncome": "653000000"
    },
    {
      "fiscalDateEnding": "2011-06-30",
      "reportedCurrency": "USD",
      "grossProfit": "5021000000",
      "totalRevenue": "9809000000",
      "costOfRevenue": "4788000000",
      "costofGoodsAndServicesSold": "4788000000",
      "operatingIncome": "808000000",
      "sellingGeneralAndAdministrative": "2168000000",
      "researchAndDevelopment": "0",
      "operatingExpenses": "4213000000",
      "investmentIncomeNet": "None",
      "netInterestIncome": "None",
      "interestIncome": "None",
      "interestExpense": "242000000",
      "nonInterestIncome": "None",
      "otherNonOperatingIncome": "None",
      "depreciation": "None",
      "depreciationAndAmortization": "385000000",
      "incomeBeforeTax": "542000000",
      "incomeTaxExpense": "4000000",
      "interestAndDebtExpense": "None",
      "netIncomeFromContinuingOperations": "0",
      "comprehensiveIncomeNetOfTax": "None",
      "ebit": "784000000",
      "ebitda": "1169000000",
      "netIncome": "538000000"
    },
    {
      "fiscalDateEnding": "2011-03-31",
      "reportedCurrency": "USD",
      "grossProfit": "3792000000",
      "totalRevenue": "8202000000",
      "costOfRevenue": "4410000000",
      "costofGoodsAndServicesSold": "4410000000",
      "operatingIncome": "34000000",
      "sellingGeneralAndAdministrative": "1806000000",
      "researchAndDevelopment": "0",
      "operatingExpenses": "3681000000",
      "investmentIncomeNet": "None",
      "netInterestIncome": "None",
      "interestIncome": "None",
      "interestExpense": "248000000",
      "nonInterestIncome": "None",
      "otherNonOperatingIncome": "None",
      "depreciation": "None",
      "depreciationAndAmortization": "388000000",
      "incomeBeforeTax": "-211000000",
      "incomeTaxExpense": "2000000",
      "interestAndDebtExpense": "None",
      "netIncomeFromContinuingOperations": "0",
      "comprehensiveIncomeNetOfTax": "None",
      "ebit": "43000000",
      "ebitda": "431000000",
      "netIncome": "-213000000"
    },
    {
      "fiscalDateEnding": "2010-12-31",
      "reportedCurrency": "USD",
      "grossProfit": "7443000000",
      "totalRevenue": "8433000000",
      "costOfRevenue": "990000000",
      "costofGoodsAndServicesSold": "990000000",
      "operatingIncome": "-62000000",
      "sellingGeneralAndAdministrative": "1949000000",
      "researchAndDevelopment": "0",
      "operatingExpenses": "5315000000",
      "investmentIncomeNet": "None",
      "netInterestIncome": "None",
      "interestIncome": "None",
      "interestExpense": "285000000",
      "nonInterestIncome": "None",
      "otherNonOperatingIncome": "None",
      "depreciation": "None",
      "depreciationAndAmortization": "427000000",
      "incomeBeforeTax": "-325000000",
      "incomeTaxExpense": "-1000000",
      "interestAndDebtExpense": "None",
      "netIncomeFromContinuingOperations": "0",
      "comprehensiveIncomeNetOfTax": "None",
      "ebit": "-40000000",
      "ebitda": "387000000",
      "netIncome": "-325000000"
    },
    {
      "fiscalDateEnding": "2010-09-30",
      "reportedCurrency": "USD",
      "grossProfit": "2831000000",
      "totalRevenue": "5394000000",
      "costOfRevenue": "2563000000",
      "costofGoodsAndServicesSold": "2563000000",
      "operatingIncome": "541000000",
      "sellingGeneralAndAdministrative": "1129000000",
      "researchAndDevelopment": "0",
      "operatingExpenses": "1714000000",
      "investmentIncomeNet": "None",
      "netInterestIncome": "None",
      "interestIncome": "None",
      "interestExpense": "177000000",
      "nonInterestIncome": "None",
      "otherNonOperatingIncome": "21000000",
      "depreciation": "None",
      "depreciationAndAmortization": "232000000",
      "incomeBeforeTax": "386000000",
      "incomeTaxExpense": "-1000000",
      "interestAndDebtExpense": "None",
      "netIncomeFromContinuingOperations": "386000000",
      "comprehensiveIncomeNetOfTax": "None",
      "ebit": "207000000",
      "ebitda": "439000000",
      "netIncome": "387000000"
    },
    {
      "fiscalDateEnding": "2010-06-30",
      "reportedCurrency": "USD",
      "grossProfit": "2754000000",
      "totalRevenue": "5161000000",
      "costOfRevenue": "2407000000",
      "costofGoodsAndServicesSold": "2407000000",
      "operatingIncome": "441000000",
      "sellingGeneralAndAdministrative": "1142000000",
      "researchAndDevelopment": "0",
      "operatingExpenses": "2313000000",
      "investmentIncomeNet": "None",
      "netInterestIncome": "None",
      "interestIncome": "None",
      "interestExpense": "178000000",
      "nonInterestIncome": "None",
      "otherNonOperatingIncome": "5000000",
      "depreciation": "None",
      "depreciationAndAmortization": "223000000",
      "incomeBeforeTax": "271000000",
      "incomeTaxExpense": "-2000000",
      "interestAndDebtExpense": "None",
      "netIncomeFromContinuingOperations": "273000000",
      "comprehensiveIncomeNetOfTax": "None",
      "ebit": "449000000",
      "ebitda": "672000000",
      "netIncome": "273000000"
    },
    {
      "fiscalDateEnding": "2010-03-31",
      "reportedCurrency": "USD",
      "grossProfit": "2086000000",
      "totalRevenue": "4241000000",
      "costOfRevenue": "2155000000",
      "costofGoodsAndServicesSold": "2155000000",
      "operatingIncome": "76000000",
      "sellingGeneralAndAdministrative": "990000000",
      "researchAndDevelopment": "0",
      "operatingExpenses": "2010000000",
      "investmentIncomeNet": "None",
      "netInterestIncome": "None",
      "interestIncome": "None",
      "interestExpense": "183000000",
      "nonInterestIncome": "None",
      "otherNonOperatingIncome": "None",
      "depreciation": "None",
      "depreciationAndAmortization": "221000000",
      "incomeBeforeTax": "-82000000",
      "incomeTaxExpense": "1000000",
      "interestAndDebtExpense": "None",
      "netIncomeFromContinuingOperations": "0",
      "comprehensiveIncomeNetOfTax": "None",
      "ebit": "101000000",
      "ebitda": "322000000",
      "netIncome": "-82000000"
    },
    {
      "fiscalDateEnding": "2009-12-31",
      "reportedCurrency": "USD",
      "grossProfit": "67000000",
      "totalRevenue": "4193000000",
      "costOfRevenue": "4126000000",
      "costofGoodsAndServicesSold": "4126000000",
      "operatingIncome": "-74000000",
      "sellingGeneralAndAdministrative": "1219000000",
      "researchAndDevelopment": "0",
      "operatingExpenses": "-603000000",
      "investmentIncomeNet": "None",
      "netInterestIncome": "None",
      "interestIncome": "None",
      "interestExpense": "162000000",
      "nonInterestIncome": "None",
      "otherNonOperatingIncome": "None",
      "depreciation": "None",
      "depreciationAndAmortization": "227000000",
      "incomeBeforeTax": "-212000000",
      "incomeTaxExpense": "29000000",
      "interestAndDebtExpense": "None",
      "netIncomeFromContinuingOperations": "0",
      "comprehensiveIncomeNetOfTax": "None",
      "ebit": "-50000000",
      "ebitda": "177000000",
      "netIncome": "-240000000"
    },
    {
      "fiscalDateEnding": "2009-09-30",
      "reportedCurrency": "USD",
      "grossProfit": "2317000000",
      "totalRevenue": "4433000000",
      "costOfRevenue": "2116000000",
      "costofGoodsAndServicesSold": "2116000000",
      "operatingIncome": "88000000",
      "sellingGeneralAndAdministrative": "954000000",
      "researchAndDevelopment": "0",
      "operatingExpenses": "2229000000",
      "investmentIncomeNet": "None",
      "netInterestIncome": "None",
      "interestIncome": "None",
      "interestExpense": "143000000",
      "nonInterestIncome": "None",
      "otherNonOperatingIncome": "None",
      "depreciation": "None",
      "depreciationAndAmortization": "220000000",
      "incomeBeforeTax": "-62000000",
      "incomeTaxExpense": "-4000000",
      "interestAndDebtExpense": "None",
      "netIncomeFromContinuingOperations": "0",
      "comprehensiveIncomeNetOfTax": "None",
      "ebit": "81000000",
      "ebitda": "301000000",
      "netIncome": "-57000000"
    },
    {
      "fiscalDateEnding": "2009-06-30",
      "reportedCurrency": "USD",
      "grossProfit": "3085000000",
      "totalRevenue": "4018000000",
      "costOfRevenue": "933000000",
      "costofGoodsAndServicesSold": "933000000",
      "operatingIncome": "107000000",
      "sellingGeneralAndAdministrative": "1671000000",
      "researchAndDevelopment": "0",
      "operatingExpenses": "2254000000",
      "investmentIncomeNet": "None",
      "netInterestIncome": "None",
      "interestIncome": "None",
      "interestExpense": "135000000",
      "nonInterestIncome": "None",
      "otherNonOperatingIncome": "None",
      "depreciation": "None",
      "depreciationAndAmortization": "222000000",
      "incomeBeforeTax": "14000000",
      "incomeTaxExpense": "-14000000",
      "interestAndDebtExpense": "None",
      "netIncomeFromContinuingOperations": "0",
      "comprehensiveIncomeNetOfTax": "None",
      "ebit": "149000000",
      "ebitda": "371000000",
      "netIncome": "28000000"
    },
    {
      "fiscalDateEnding": "2009-03-31",
      "reportedCurrency": "USD",
      "grossProfit": "2636000000",
      "totalRevenue": "3691000000",
      "costOfRevenue": "1055000000",
      "costofGoodsAndServicesSold": "1055000000",
      "operatingIncome": "-282000000",
      "sellingGeneralAndAdministrative": "1592000000",
      "researchAndDevelopment": "0",
      "operatingExpenses": "2181000000",
      "investmentIncomeNet": "None",
      "netInterestIncome": "None",
      "interestIncome": "None",
      "interestExpense": "134000000",
      "nonInterestIncome": "None",
      "otherNonOperatingIncome": "None",
      "depreciation": "None",
      "depreciationAndAmortization": "233000000",
      "incomeBeforeTax": "-412000000",
      "incomeTaxExpense": "-30000000",
      "interestAndDebtExpense": "None",
      "netIncomeFromContinuingOperations": "0",
      "comprehensiveIncomeNetOfTax": "None",
      "ebit": "-278000000",
      "ebitda": "-45000000",
      "netIncome": "-382000000"
    },
    {
      "fiscalDateEnding": "2008-12-31",
      "reportedCurrency": "USD",
      "grossProfit": "2391000000",
      "totalRevenue": "4547000000",
      "costOfRevenue": "2156000000",
      "costofGoodsAndServicesSold": "2156000000",
      "operatingIncome": "-812000000",
      "sellingGeneralAndAdministrative": "1789000000",
      "researchAndDevelopment": "0",
      "operatingExpenses": "3203000000",
      "investmentIncomeNet": "None",
      "netInterestIncome": "None",
      "interestIncome": "None",
      "interestExpense": "111000000",
      "nonInterestIncome": "None",
      "otherNonOperatingIncome": "None",
      "depreciation": "None",
      "depreciationAndAmortization": "262000000",
      "incomeBeforeTax": "-1300000000",
      "incomeTaxExpense": "5000000",
      "interestAndDebtExpense": "None",
      "netIncomeFromContinuingOperations": "0",
      "comprehensiveIncomeNetOfTax": "None",
      "ebit": "-1189000000",
      "ebitda": "-927000000",
      "netIncome": "-1303000000"
    },
    {
      "fiscalDateEnding": "2008-09-30",
      "reportedCurrency": "USD",
      "grossProfit": "2783000000",
      "totalRevenue": "5565000000",
      "costOfRevenue": "2782000000",
      "costofGoodsAndServicesSold": "2782000000",
      "operatingIncome": "-491000000",
      "sellingGeneralAndAdministrative": "1919000000",
      "researchAndDevelopment": "0",
      "operatingExpenses": "2609000000",
      "investmentIncomeNet": "None",
      "netInterestIncome": "None",
      "interestIncome": "None",
      "interestExpense": "144000000",
      "nonInterestIncome": "None",
      "otherNonOperatingIncome": "None",
      "depreciation": "None",
      "depreciationAndAmortization": "234000000",
      "incomeBeforeTax": "-791000000",
      "incomeTaxExpense": "2000000",
      "interestAndDebtExpense": "None",
      "netIncomeFromContinuingOperations": "0",
      "comprehensiveIncomeNetOfTax": "None",
      "ebit": "-647000000",
      "ebitda": "-413000000",
      "netIncome": "-792000000"
    },
    {
      "fiscalDateEnding": "2008-06-30",
      "reportedCurrency": "USD",
      "grossProfit": "3091000000",
      "totalRevenue": "5371000000",
      "costOfRevenue": "2280000000",
      "costofGoodsAndServicesSold": "2280000000",
      "operatingIncome": "-2694000000",
      "sellingGeneralAndAdministrative": "2026000000",
      "researchAndDevelopment": "0",
      "operatingExpenses": "2910000000",
      "investmentIncomeNet": "None",
      "netInterestIncome": "None",
      "interestIncome": "None",
      "interestExpense": "137000000",
      "nonInterestIncome": "None",
      "otherNonOperatingIncome": "None",
      "depreciation": "None",
      "depreciationAndAmortization": "216000000",
      "incomeBeforeTax": "-2770000000",
      "incomeTaxExpense": "-29000000",
      "interestAndDebtExpense": "None",
      "netIncomeFromContinuingOperations": "0",
      "comprehensiveIncomeNetOfTax": "None",
      "ebit": "-2633000000",
      "ebitda": "-2417000000",
      "netIncome": "-2740000000"
    },
    {
      "fiscalDateEnding": "2008-03-31",
      "reportedCurrency": "USD",
      "grossProfit": "2735000000",
      "totalRevenue": "4711000000",
      "costOfRevenue": "1976000000",
      "costofGoodsAndServicesSold": "1976000000",
      "operatingIncome": "-441000000",
      "sellingGeneralAndAdministrative": "1825000000",
      "researchAndDevelopment": "0",
      "operatingExpenses": "2518000000",
      "investmentIncomeNet": "None",
      "netInterestIncome": "None",
      "interestIncome": "None",
      "interestExpense": "147000000",
      "nonInterestIncome": "None",
      "otherNonOperatingIncome": "None",
      "depreciation": "None",
      "depreciationAndAmortization": "220000000",
      "incomeBeforeTax": "-554000000",
      "incomeTaxExpense": "-5000000",
      "interestAndDebtExpense": "None",
      "netIncomeFromContinuingOperations": "0",
      "comprehensiveIncomeNetOfTax": "None",
      "ebit": "-407000000",
      "ebitda": "-187000000",
      "netIncome": "-549000000"
    },
    {
      "fiscalDateEnding": "2007-12-31",
      "reportedCurrency": "USD",
      "grossProfit": "4952000000",
      "totalRevenue": "5030000000",
      "costOfRevenue": "78000000",
      "costofGoodsAndServicesSold": "78000000",
      "operatingIncome": "-64000000",
      "sellingGeneralAndAdministrative": "1433000000",
      "researchAndDevelopment": "0",
      "operatingExpenses": "5016000000",
      "investmentIncomeNet": "None",
      "netInterestIncome": "None",
      "interestIncome": "None",
      "interestExpense": "155000000",
      "nonInterestIncome": "None",
      "otherNonOperatingIncome": "None",
      "depreciation": "None",
      "depreciationAndAmortization": "231000000",
      "incomeBeforeTax": "-98000000",
      "incomeTaxExpense": "-43000000",
      "interestAndDebtExpense": "None",
      "netIncomeFromContinuingOperations": "0",
      "comprehensiveIncomeNetOfTax": "None",
      "ebit": "-440000000",
      "ebitda": "-209000000",
      "netIncome": "-53000000"
    },
    {
      "fiscalDateEnding": "2007-09-30",
      "reportedCurrency": "USD",
      "grossProfit": "3799000000",
      "totalRevenue": "5527000000",
      "costOfRevenue": "1728000000",
      "costofGoodsAndServicesSold": "1728000000",
      "operatingIncome": "656000000",
      "sellingGeneralAndAdministrative": "1813000000",
      "researchAndDevelopment": "0",
      "operatingExpenses": "3143000000",
      "investmentIncomeNet": "None",
      "netInterestIncome": "None",
      "interestIncome": "None",
      "interestExpense": "156000000",
      "nonInterestIncome": "None",
      "otherNonOperatingIncome": "None",
      "depreciation": "None",
      "depreciationAndAmortization": "245000000",
      "incomeBeforeTax": "566000000",
      "incomeTaxExpense": "232000000",
      "interestAndDebtExpense": "None",
      "netIncomeFromContinuingOperations": "0",
      "comprehensiveIncomeNetOfTax": "None",
      "ebit": "721000000",
      "ebitda": "966000000",
      "netIncome": "334000000"
    },
    {
      "fiscalDateEnding": "2007-06-30",
      "reportedCurrency": "USD",
      "grossProfit": "3631000000",
      "totalRevenue": "5213000000",
      "costOfRevenue": "1582000000",
      "costofGoodsAndServicesSold": "1582000000",
      "operatingIncome": "537000000",
      "sellingGeneralAndAdministrative": "320000000",
      "researchAndDevelopment": "0",
      "operatingExpenses": "3094000000",
      "investmentIncomeNet": "None",
      "netInterestIncome": "None",
      "interestIncome": "None",
      "interestExpense": "139000000",
      "nonInterestIncome": "None",
      "otherNonOperatingIncome": "None",
      "depreciation": "None",
      "depreciationAndAmortization": "229000000",
      "incomeBeforeTax": "466000000",
      "incomeTaxExpense": "192000000",
      "interestAndDebtExpense": "None",
      "netIncomeFromContinuingOperations": "0",
      "comprehensiveIncomeNetOfTax": "None",
      "ebit": "604000000",
      "ebitda": "833000000",
      "netIncome": "274000000"
    },
    {
      "fiscalDateEnding": "2007-03-31",
      "reportedCurrency": "USD",
      "grossProfit": "2995000000",
      "totalRevenue": "4373000000",
      "costOfRevenue": "1378000000",
      "costofGoodsAndServicesSold": "1378000000",
      "operatingIncome": "-92000000",
      "sellingGeneralAndAdministrative": "338000000",
      "researchAndDevelopment": "0",
      "operatingExpenses": "3087000000",
      "investmentIncomeNet": "None",
      "netInterestIncome": "None",
      "interestIncome": "None",
      "interestExpense": "206000000",
      "nonInterestIncome": "None",
      "otherNonOperatingIncome": "None",
      "depreciation": "None",
      "depreciationAndAmortization": "220000000",
      "incomeBeforeTax": "-237000000",
      "incomeTaxExpense": "-85000000",
      "interestAndDebtExpense": "None",
      "netIncomeFromContinuingOperations": "0",
      "comprehensiveIncomeNetOfTax": "None",
      "ebit": "-31000000",
      "ebitda": "189000000",
      "netIncome": "-152000000"
    },
    {
      "fiscalDateEnding": "2006-12-31",
      "reportedCurrency": "USD",
      "grossProfit": "10159000000",
      "totalRevenue": "6044000000",
      "costOfRevenue": "-4115000000",
      "costofGoodsAndServicesSold": "-4115000000",
      "operatingIncome": "-29000000",
      "sellingGeneralAndAdministrative": "500000000",
      "researchAndDevelopment": "0",
      "operatingExpenses": "10188000000",
      "investmentIncomeNet": "None",
      "netInterestIncome": "None",
      "interestIncome": "None",
      "interestExpense": "646000000",
      "nonInterestIncome": "None",
      "otherNonOperatingIncome": "None",
      "depreciation": "None",
      "depreciationAndAmortization": "196000000",
      "incomeBeforeTax": "22747000000",
      "incomeTaxExpense": "-39000000",
      "interestAndDebtExpense": "None",
      "netIncomeFromContinuingOperations": "0",
      "comprehensiveIncomeNetOfTax": "None",
      "ebit": "-111000000",
      "ebitda": "85000000",
      "netIncome": "22790000000"
    },
    {
      "fiscalDateEnding": "2006-09-30",
      "reportedCurrency": "USD",
      "grossProfit": "5023000000",
      "totalRevenue": "5176000000",
      "costOfRevenue": "153000000",
      "costofGoodsAndServicesSold": "153000000",
      "operatingIncome": "335000000",
      "sellingGeneralAndAdministrative": "1773000000",
      "researchAndDevelopment": "0",
      "operatingExpenses": "2339000000",
      "investmentIncomeNet": "None",
      "netInterestIncome": "None",
      "interestIncome": "None",
      "interestExpense": "164000000",
      "nonInterestIncome": "None",
      "otherNonOperatingIncome": "None",
      "depreciation": "None",
      "depreciationAndAmortization": "226000000",
      "incomeBeforeTax": "249000000",
      "incomeTaxExpense": "59000000",
      "interestAndDebtExpense": "None",
      "netIncomeFromContinuingOperations": "0",
      "comprehensiveIncomeNetOfTax": "None",
      "ebit": "335000000",
      "ebitda": "561000000",
      "netIncome": "190000000"
    },
    {
      "fiscalDateEnding": "2006-06-30",
      "reportedCurrency": "USD",
      "grossProfit": "4923000000",
      "totalRevenue": "5113000000",
      "costOfRevenue": "190000000",
      "costofGoodsAndServicesSold": "190000000",
      "operatingIncome": "260000000",
      "sellingGeneralAndAdministrative": "1131000000",
      "researchAndDevelopment": "0",
      "operatingExpenses": "4663000000",
      "investmentIncomeNet": "None",
      "netInterestIncome": "None",
      "interestIncome": "None",
      "interestExpense": "211000000",
      "nonInterestIncome": "None",
      "otherNonOperatingIncome": "None",
      "depreciation": "None",
      "depreciationAndAmortization": "218000000",
      "incomeBeforeTax": "116000000",
      "incomeTaxExpense": "-3000000",
      "interestAndDebtExpense": "None",
      "netIncomeFromContinuingOperations": "0",
      "comprehensiveIncomeNetOfTax": "None",
      "ebit": "260000000",
      "ebitda": "478000000",
      "netIncome": "119000000"
    },
    {
      "fiscalDateEnding": "2006-03-31",
      "reportedCurrency": "USD",
      "grossProfit": "4272000000",
      "totalRevenue": "4465000000",
      "costOfRevenue": "193000000",
      "costofGoodsAndServicesSold": "193000000",
      "operatingIncome": "-171000000",
      "sellingGeneralAndAdministrative": "0",
      "researchAndDevelopment": "0",
      "operatingExpenses": "4443000000",
      "investmentIncomeNet": "None",
      "netInterestIncome": "None",
      "interestIncome": "None",
      "interestExpense": "109000000",
      "nonInterestIncome": "None",
      "otherNonOperatingIncome": "None",
      "depreciation": "None",
      "depreciationAndAmortization": "216000000",
      "incomeBeforeTax": "22623000000",
      "incomeTaxExpense": "-5000000",
      "interestAndDebtExpense": "None",
      "netIncomeFromContinuingOperations": "0",
      "comprehensiveIncomeNetOfTax": "None",
      "ebit": "-171000000",
      "ebitda": "45000000",
      "netIncome": "22628000000"
    },
    {
      "fiscalDateEnding": "2005-12-31",
      "reportedCurrency": "USD",
      "grossProfit": "4181000000",
      "totalRevenue": "4386000000",
      "costOfRevenue": "205000000",
      "costofGoodsAndServicesSold": "205000000",
      "operatingIncome": "-182000000",
      "sellingGeneralAndAdministrative": "0",
      "researchAndDevelopment": "0",
      "operatingExpenses": "4363000000",
      "investmentIncomeNet": "None",
      "netInterestIncome": "None",
      "interestIncome": "None",
      "interestExpense": "482000000",
      "nonInterestIncome": "None",
      "otherNonOperatingIncome": "None",
      "depreciation": "None",
      "depreciationAndAmortization": "236000000",
      "incomeBeforeTax": "-16900000000",
      "incomeTaxExpense": "4000000",
      "interestAndDebtExpense": "None",
      "netIncomeFromContinuingOperations": "0",
      "comprehensiveIncomeNetOfTax": "None",
      "ebit": "-182000000",
      "ebitda": "54000000",
      "netIncome": "-16904000000"
    },
    {
      "fiscalDateEnding": "2005-09-30",
      "reportedCurrency": "USD",
      "grossProfit": "3107000000",
      "totalRevenue": "4655000000",
      "costOfRevenue": "1548000000",
      "costofGoodsAndServicesSold": "1548000000",
      "operatingIncome": "165000000",
      "sellingGeneralAndAdministrative": "1730000000",
      "researchAndDevelopment": "0",
      "operatingExpenses": "2942000000",
      "investmentIncomeNet": "None",
      "netInterestIncome": "None",
      "interestIncome": "None",
      "interestExpense": "129000000",
      "nonInterestIncome": "None",
      "otherNonOperatingIncome": "None",
      "depreciation": "None",
      "depreciationAndAmortization": "206000000",
      "incomeBeforeTax": "-1772000000",
      "incomeTaxExpense": "1937000000",
      "interestAndDebtExpense": "None",
      "netIncomeFromContinuingOperations": "0",
      "comprehensiveIncomeNetOfTax": "None",
      "ebit": "-1643000000",
      "ebitda": "-1437000000",
      "netIncome": "-1772000000"
    },
    {
      "fiscalDateEnding": "2005-06-30",
      "reportedCurrency": "USD",
      "grossProfit": "4276000000",
      "totalRevenue": "4423000000",
      "costOfRevenue": "147000000",
      "costofGoodsAndServicesSold": "147000000",
      "operatingIncome": "48000000",
      "sellingGeneralAndAdministrative": "0",
      "researchAndDevelopment": "0",
      "operatingExpenses": "4228000000",
      "investmentIncomeNet": "None",
      "netInterestIncome": "None",
      "interestIncome": "None",
      "interestExpense": "111000000",
      "nonInterestIncome": "None",
      "otherNonOperatingIncome": "None",
      "depreciation": "None",
      "depreciationAndAmortization": "205000000",
      "incomeBeforeTax": "-1434000000",
      "incomeTaxExpense": "-4000000",
      "interestAndDebtExpense": "None",
      "netIncomeFromContinuingOperations": "0",
      "comprehensiveIncomeNetOfTax": "None",
      "ebit": "48000000",
      "ebitda": "253000000",
      "netIncome": "-1430000000"
    },
    {
      "fiscalDateEnding": "2005-03-31",
      "reportedCurrency": "USD",
      "grossProfit": "1581000000",
      "totalRevenue": "3915000000",
      "costOfRevenue": "2334000000",
      "costofGoodsAndServicesSold": "2334000000",
      "operatingIncome": "-250000000",
      "sellingGeneralAndAdministrative": "1153000000",
      "researchAndDevelopment": "0",
      "operatingExpenses": "1759000000",
      "investmentIncomeNet": "None",
      "netInterestIncome": "None",
      "interestIncome": "None",
      "interestExpense": "114000000",
      "nonInterestIncome": "None",
      "otherNonOperatingIncome": "None",
      "depreciation": "None",
      "depreciationAndAmortization": "213000000",
      "incomeBeforeTax": "-1070000000",
      "incomeTaxExpense": "820000000",
      "interestAndDebtExpense": "None",
      "netIncomeFromContinuingOperations": "0",
      "comprehensiveIncomeNetOfTax": "None",
      "ebit": "-250000000",
      "ebitda": "-37000000",
      "netIncome": "-1070000000"
    }
  ]
}