{
  "symbol": "VZ",
  "annualReports": [
    {
      "fiscalDateEnding": "2024-12-31",
      "reportedCurrency": "USD",
      "grossProfit": "80691000000",
      "totalRevenue": "134788000000",
      "costOfRevenue": "54097000000",
      "costofGoodsAndServicesSold": "54097000000",
      "operatingIncome": "28686000000",
      "sellingGeneralAndAdministrative": "34113000000",
      "researchAndDevelopment": "None",
      "operatingExpenses": "52005000000",
      "investmentIncomeNet": "None",
      "netInterestIncome": "-6313000000",
      "interestIncome": "336000000",
      "interestExpense": "6649000000",
      "nonInterestIncome": "None",
      "otherNonOperatingIncome": "None",
      "depreciation": "None",
      "depreciationAndAmortization": "17892000000",
      "incomeBeforeTax": "22979000000",
      "incomeTaxExpense": "5030000000",
      "interestAndDebtExpense": "None",
      "netIncomeFromContinuingOperations": "17949000000",
      "comprehensiveIncomeNetOfTax": "None",
      "ebit": "29628000000",
      "ebitda": "47520000000",
      "netIncome": "17506000000"
    },
    {
      "fiscalDateEnding": "2023-12-31",
      "reportedCurrency": "USD",
      "grossProfit": "79087000000",
      "totalRevenue": "133974000000",
      "costOfRevenue": "54887000000",
      "costofGoodsAndServicesSold": "54887000000",
      "operatingIncome": "22877000000",
      "sellingGeneralAndAdministrative": "27452000000",
      "researchAndDevelopment": "None",
      "operatingExpenses": "56210000000",
      "investmentIncomeNet": "None",
      "netInterestIncome": "-4682000000",
      "interestIncome": "348000000",
      "interestExpense": "5524000000",
      "nonInterestIncome": "None",
      "otherNonOperatingIncome": "None",
      "depreciation": "None",
      "depreciationAndAmortization": "17624000000",
      "incomeBeforeTax": "16987000000",
      "incomeTaxExpense": "4892000000",
      "interestAndDebtExpense": "None",
      "netIncomeFromContinuingOperations": "21366000000",
      "comprehensiveIncomeNetOfTax": "None",
      "ebit": "22512000000",
      "ebitda": "40136000000",
      "netIncome": "11614000000"
    },
    {
      "fiscalDateEnding": "2022-12-31",
      "reportedCurrency": "USD",
      "grossProfit": "77702000000",
      "totalRevenue": "136835000000",
      "costOfRevenue": "59133000000",
      "costofGoodsAndServicesSold": "59133000000",
      "operatingIncome": "30467000000",
      "sellingGeneralAndAdministrative": "26580000000",
      "researchAndDevelopment": "None",
      "operatingExpenses": "47235000000",
      "investmentIncomeNet": "None",
      "netInterestIncome": "-3613000000",
      "interestIncome": "3569000000",
      "interestExpense": "3613000000",
      "nonInterestIncome": "None",
      "otherNonOperatingIncome": "1417000000",
      "depreciation": "None",
      "depreciationAndAmortization": "17099000000",
      "incomeBeforeTax": "28271000000",
      "incomeTaxExpense": "6523000000",
      "interestAndDebtExpense": "None",
      "netIncomeFromContinuingOperations": "21748000000",
      "comprehensiveIncomeNetOfTax": "None",
      "ebit": "31498000000",
      "ebitda": "48597000000",
      "netIncome": "21256000000"
    },
    {
      "fiscalDateEnding": "2021-12-31",
      "reportedCurrency": "USD",
      "grossProfit": "77312000000",
      "totalRevenue": "133613000000",
      "costOfRevenue": "56301000000",
      "costofGoodsAndServicesSold": "56301000000",
      "operatingIncome": "32448000000",
      "sellingGeneralAndAdministrative": "25264000000",
      "researchAndDevelopment": "None",
      "operatingExpenses": "44864000000",
      "investmentIncomeNet": "None",
      "netInterestIncome": "-3485000000",
      "interestIncome": "3340000000",
      "interestExpense": "3485000000",
      "nonInterestIncome": "None",
      "otherNonOperatingIncome": "457000000",
      "depreciation": "None",
      "depreciationAndAmortization": "16206000000",
      "incomeBeforeTax": "29420000000",
      "incomeTaxExpense": "6802000000",
      "interestAndDebtExpense": "None",
      "netIncomeFromContinuingOperations": "22618000000",
      "comprehensiveIncomeNetOfTax": "None",
      "ebit": "36665000000",
      "ebitda": "52871000000",
      "netIncome": "22065000000"
    },
    {
      "fiscalDateEnding": "2020-12-31",
      "reportedCurrency": "USD",
      "grossProfit": "77091000000",
      "totalRevenue": "128292000000",
      "costOfRevenue": "51201000000",
      "costofGoodsAndServicesSold": "51201000000",
      "operatingIncome": "28798000000",
      "sellingGeneralAndAdministrative": "28466000000",
      "researchAndDevelopment": "None",
      "operatingExpenses": "48293000000",
      "investmentIncomeNet": "None",
      "netInterestIncome": "-4247000000",
      "interestIncome": "4292000000",
      "interestExpense": "4247000000",
      "nonInterestIncome": "None",
      "otherNonOperatingIncome": "-584000000",
      "depreciation": "None",
      "depreciationAndAmortization": "16720000000",
      "incomeBeforeTax": "23967000000",
      "incomeTaxExpense": "5619000000",
      "interestAndDebtExpense": "None",
      "netIncomeFromContinuingOperations": "18348000000",
      "comprehensiveIncomeNetOfTax": "None",
      "ebit": "31389000000",
      "ebitda": "48109000000",
      "netIncome": "17801000000"
    },
    {
      "fiscalDateEnding": "2019-12-31",
      "reportedCurrency": "USD",
      "grossProfit": "77142000000",
      "totalRevenue": "131868000000",
      "costOfRevenue": "54726000000",
      "costofGoodsAndServicesSold": "54726000000",
      "operatingIncome": "30378000000",
      "sellingGeneralAndAdministrative": "26825000000",
      "researchAndDevelopment": "None",
      "operatingExpenses": "46578000000",
      "investmentIncomeNet": "None",
      "netInterestIncome": "-4609000000",
      "interestIncome": "121000000",
      "interestExpense": "4730000000",
      "nonInterestIncome": "None",
      "otherNonOperatingIncome": "-2915000000",
      "depreciation": "None",
      "depreciationAndAmortization": "16682000000",
      "incomeBeforeTax": "22733000000",
      "incomeTaxExpense": "2945000000",
      "interestAndDebtExpense": "None",
      "netIncomeFromContinuingOperations": "19788000000",
      "comprehensiveIncomeNetOfTax": "None",
      "ebit": "31317000000",
      "ebitda": "47999000000",
      "netIncome": "19265000000"
    },
    {
      "fiscalDateEnding": "2018-12-31",
      "reportedCurrency": "USD",
      "grossProfit": "75355000000",
      "totalRevenue": "130863000000",
      "costOfRevenue": "55508000000",
      "costofGoodsAndServicesSold": "55508000000",
      "operatingIncome": "22278000000",
      "sellingGeneralAndAdministrative": "28401000000",
      "researchAndDevelopment": "0",
      "operatingExpenses": "48486000000",
      "investmentIncomeNet": "None",
      "netInterestIncome": "-4739000000",
      "interestIncome": "94000000",
      "interestExpense": "4833000000",
      "nonInterestIncome": "None",
      "otherNonOperatingIncome": "2178000000",
      "depreciation": "None",
      "depreciationAndAmortization": "17403000000",
      "incomeBeforeTax": "19623000000",
      "incomeTaxExpense": "3584000000",
      "interestAndDebtExpense": "None",
      "netIncomeFromContinuingOperations": "16039000000",
      "comprehensiveIncomeNetOfTax": "None",
      "ebit": "29637000000",
      "ebitda": "47040000000",
      "netIncome": "15528000000"
    },
    {
      "fiscalDateEnding": "2017-12-31",
      "reportedCurrency": "USD",
      "grossProfit": "72971000000",
      "totalRevenue": "126034000000",
      "costOfRevenue": "53063000000",
      "costofGoodsAndServicesSold": "53063000000",
      "operatingIncome": "27425000000",
      "sellingGeneralAndAdministrative": "24175000000",
      "researchAndDevelopment": "0",
      "operatingExpenses": "43772000000",
      "investmentIncomeNet": "None",
      "netInterestIncome": "-4651000000",
      "interestIncome": "82000000",
      "interestExpense": "4733000000",
      "nonInterestIncome": "None",
      "otherNonOperatingIncome": "-2087000000",
      "depreciation": "None",
      "depreciationAndAmortization": "16954000000",
      "incomeBeforeTax": "20594000000",
      "incomeTaxExpense": "-9956000000",
      "interestAndDebtExpense": "None",
      "netIncomeFromContinuingOperations": "30550000000",
      "comprehensiveIncomeNetOfTax": "None",
      "ebit": "29584000000",
      "ebitda": "46538000000",
      "netIncome": "30101000000"
    },
    {
      "fiscalDateEnding": "2016-12-31",
      "reportedCurrency": "USD",
      "grossProfit": "73279000000",
      "totalRevenue": "125980000000",
      "costOfRevenue": "52701000000",
      "costofGoodsAndServicesSold": "52701000000",
      "operatingIncome": "29249000000",
      "sellingGeneralAndAdministrative": "24351000000",
      "researchAndDevelopment": "0",
      "operatingExpenses": "43023000000",
      "investmentIncomeNet": "None",
      "netInterestIncome": "-4317000000",
      "interestIncome": "59000000",
      "interestExpense": "4376000000",
      "nonInterestIncome": "None",
      "otherNonOperatingIncome": "-1697000000",
      "depreciation": "None",
      "depreciationAndAmortization": "15928000000",
      "incomeBeforeTax": "20986000000",
      "incomeTaxExpense": "7378000000",
      "interestAndDebtExpense": "None",
      "netIncomeFromContinuingOperations": "13608000000",
      "comprehensiveIncomeNetOfTax": "None",
      "ebit": "29840000000",
      "ebitda": "45768000000",
      "netIncome": "13127000000"
    },
    {
      "fiscalDateEnding": "2015-12-31",
      "reportedCurrency": "USD",
      "grossProfit": "79063000000",
      "totalRevenue": "131620000000",
      "costOfRevenue": "52557000000",
      "costofGoodsAndServicesSold": "52557000000",
      "operatingIncome": "33060000000",
      "sellingGeneralAndAdministrative": "27237000000",
      "researchAndDevelopment": "0",
      "operatingExpenses": "46003000000",
      "investmentIncomeNet": "None",
      "netInterestIncome": "None",
      "interestIncome": "4891000000",
      "interestExpense": "4920000000",
      "nonInterestIncome": "None",
      "otherNonOperatingIncome": "100000000",
      "depreciation": "None",
      "depreciationAndAmortization": "16017000000",
      "incomeBeforeTax": "28240000000",
      "incomeTaxExpense": "9865000000",
      "interestAndDebtExpense": "None",
      "netIncomeFromContinuingOperations": "18375000000",
      "comprehensiveIncomeNetOfTax": "None",
      "ebit": "33160000000",
      "ebitda": "49177000000",
      "netIncome": "17879000000"
    },
    {
      "fiscalDateEnding": "2014-12-31",
      "reportedCurrency": "USD",
      "grossProfit": "77148000000",
      "totalRevenue": "127079000000",
      "costOfRevenue": "49931000000",
      "costofGoodsAndServicesSold": "49931000000",
      "operatingIncome": "19599000000",
      "sellingGeneralAndAdministrative": "38490000000",
      "researchAndDevelopment": "0",
      "operatingExpenses": "57549000000",
      "investmentIncomeNet": "None",
      "netInterestIncome": "None",
      "interestIncome": "None",
      "interestExpense": "4915000000",
      "nonInterestIncome": "None",
      "otherNonOperatingIncome": "586000000",
      "depreciation": "None",
      "depreciationAndAmortization": "16533000000",
      "incomeBeforeTax": "15270000000",
      "incomeTaxExpense": "3314000000",
      "interestAndDebtExpense": "None",
      "netIncomeFromContinuingOperations": "11956000000",
      "comprehensiveIncomeNetOfTax": "None",
      "ebit": "20185000000",
      "ebitda": "36718000000",
      "netIncome": "9625000000"
    },
    {
      "fiscalDateEnding": "2013-12-31",
      "reportedCurrency": "USD",
      "grossProfit": "75663000000",
      "totalRevenue": "120550000000",
      "costOfRevenue": "44887000000",
      "costofGoodsAndServicesSold": "44887000000",
      "operatingIncome": "31968000000",
      "sellingGeneralAndAdministrative": "24651000000",
      "researchAndDevelopment": "0",
      "operatingExpenses": "43695000000",
      "investmentIncomeNet": "None",
      "netInterestIncome": "None",
      "interestIncome": "None",
      "interestExpense": "2667000000",
      "nonInterestIncome": "None",
      "otherNonOperatingIncome": "-24000000",
      "depreciation": "None",
      "depreciationAndAmortization": "16606000000",
      "incomeBeforeTax": "29277000000",
      "incomeTaxExpense": "5730000000",
      "interestAndDebtExpense": "None",
      "netIncomeFromContinuingOperations": "23547000000",
      "comprehensiveIncomeNetOfTax": "None",
      "ebit": "31944000000",
      "ebitda": "48550000000",
      "netIncome": "11497000000"
    },
    {
      "fiscalDateEnding": "2012-12-31",
      "reportedCurrency": "USD",
      "grossProfit": "69571000000",
      "totalRevenue": "115846000000",
      "costOfRevenue": "46275000000",
      "costofGoodsAndServicesSold": "46275000000",
      "operatingIncome": "13160000000",
      "sellingGeneralAndAdministrative": "37570000000",
      "researchAndDevelopment": "0",
      "operatingExpenses": "56411000000",
      "investmentIncomeNet": "None",
      "netInterestIncome": "None",
      "interestIncome": "None",
      "interestExpense": "2571000000",
      "nonInterestIncome": "None",
      "otherNonOperatingIncome": "-692000000",
      "depreciation": "None",
      "depreciationAndAmortization": "16460000000",
      "incomeBeforeTax": "9897000000",
      "incomeTaxExpense": "-660000000",
      "interestAndDebtExpense": "None",
      "netIncomeFromContinuingOperations": "10557000000",
      "comprehensiveIncomeNetOfTax": "None",
      "ebit": "12468000000",
      "ebitda": "28928000000",
      "netIncome": "875000000"
    },
    {
      "fiscalDateEnding": "2011-12-31",
      "reportedCurrency": "USD",
      "grossProfit": "65000000000",
      "totalRevenue": "110875000000",
      "costOfRevenue": "45875000000",
      "costofGoodsAndServicesSold": "45875000000",
      "operatingIncome": "12880000000",
      "sellingGeneralAndAdministrative": "35624000000",
      "researchAndDevelopment": "0",
      "operatingExpenses": "52120000000",
      "investmentIncomeNet": "None",
      "netInterestIncome": "None",
      "interestIncome": "None",
      "interestExpense": "2827000000",
      "nonInterestIncome": "None",
      "otherNonOperatingIncome": "None",
      "depreciation": "None",
      "depreciationAndAmortization": "16496000000",
      "incomeBeforeTax": "10483000000",
      "incomeTaxExpense": "285000000",
      "interestAndDebtExpense": "None",
      "netIncomeFromContinuingOperations": "None",
      "comprehensiveIncomeNetOfTax": "None",
      "ebit": "13310000000",
      "ebitda": "29806000000",
      "netIncome": "2404000000"
    },
    {
      "fiscalDateEnding": "2010-12-31",
      "reportedCurrency": "USD",
      "grossProfit": "62416000000",
      "totalRevenue": "106565000000",
      "costOfRevenue": "44149000000",
      "costofGoodsAndServicesSold": "44149000000",
      "operatingIncome": "14645000000",
      "sellingGeneralAndAdministrative": "31366000000",
      "researchAndDevelopment": "0",
      "operatingExpenses": "47771000000",
      "investmentIncomeNet": "None",
      "netInterestIncome": "None",
      "interestIncome": "None",
      "interestExpense": "2523000000",
      "nonInterestIncome": "None",
      "otherNonOperatingIncome": "508000000",
      "depreciation": "None",
      "depreciationAndAmortization": "16405000000",
      "incomeBeforeTax": "12684000000",
      "incomeTaxExpense": "2467000000",
      "interestAndDebtExpense": "None",
      "netIncomeFromContinuingOperations": "20143000000",
      "comprehensiveIncomeNetOfTax": "None",
      "ebit": "15105000000",
      "ebitda": "31510000000",
      "netIncome": "2549000000"
    },
    {
      "fiscalDateEnding": "2009-12-31",
      "reportedCurrency": "USD",
      "grossProfit": "63229000000",
      "totalRevenue": "107808000000",
      "costOfRevenue": "44579000000",
      "costofGoodsAndServicesSold": "44579000000",
      "operatingIncome": "15978000000",
      "sellingGeneralAndAdministrative": "32950000000",
      "researchAndDevelopment": "0",
      "operatingExpenses": "47251000000",
      "investmentIncomeNet": "None",
      "netInterestIncome": "None",
      "interestIncome": "None",
      "interestExpense": "3102000000",
      "nonInterestIncome": "None",
      "otherNonOperatingIncome": "None",
      "depreciation": "None",
      "depreciationAndAmortization": "16534000000",
      "incomeBeforeTax": "13520000000",
      "incomeTaxExpense": "1210000000",
      "interestAndDebtExpense": "None",
      "netIncomeFromContinuingOperations": "None",
      "comprehensiveIncomeNetOfTax": "None",
      "ebit": "16622000000",
      "ebitda": "33156000000",
      "netIncome": "3651000000"
    },
    {
      "fiscalDateEnding": "2008-12-31",
      "reportedCurrency": "USD",
      "grossProfit": "58739000000",
      "totalRevenue": "97354000000",
      "costOfRevenue": "38615000000",
      "costofGoodsAndServicesSold": "38615000000",
      "operatingIncome": "2612000000",
      "sellingGeneralAndAdministrative": "26898000000",
      "researchAndDevelopment": "None",
      "operatingExpenses": "56127000000",
      "investmentIncomeNet": "None",
      "netInterestIncome": "None",
      "interestIncome": "None",
      "interestExpense": "1819000000",
      "nonInterestIncome": "None",
      "otherNonOperatingIncome": "None",
      "depreciation": "None",
      "depreciationAndAmortization": "14610000000",
      "incomeBeforeTax": "1643000000",
      "incomeTaxExpense": "3331000000",
      "interestAndDebtExpense": "None",
      "netIncomeFromContinuingOperations": "None",
      "comprehensiveIncomeNetOfTax": "None",
      "ebit": "3462000000",
      "ebitda": "18072000000",
      "netIncome": "6428000000"
    },
    {
      "fiscalDateEnding": "2007-12-31",
      "reportedCurrency": "USD",
      "grossProfit": "55922000000",
      "totalRevenue": "93469000000",
      "costOfRevenue": "37547000000",
      "costofGoodsAndServicesSold": "37547000000",
      "operatingIncome": "15578000000",
      "sellingGeneralAndAdministrative": "25967000000",
      "researchAndDevelopment": "None",
      "operatingExpenses": "40344000000",
      "investmentIncomeNet": "None",
      "netInterestIncome": "None",
      "interestIncome": "None",
      "interestExpense": "1829000000",
      "nonInterestIncome": "None",
      "otherNonOperatingIncome": "None",
      "depreciation": "None",
      "depreciationAndAmortization": "14377000000",
      "incomeBeforeTax": "14545000000",
      "incomeTaxExpense": "3982000000",
      "interestAndDebtExpense": "None",
      "netIncomeFromContinuingOperations": "None",
      "comprehensiveIncomeNetOfTax": "None",
      "ebit": "16374000000",
      "ebitda": "30751000000",
      "netIncome": "5521000000"
    },
    {
      "fiscalDateEnding": "2006-12-31",
      "reportedCurrency": "USD",
      "grossProfit": "52873000000",
      "totalRevenue": "88182000000",
      "costOfRevenue": "35309000000",
      "costofGoodsAndServicesSold": "35309000000",
      "operatingIncome": "13373000000",
      "sellingGeneralAndAdministrative": "25232000000",
      "researchAndDevelopment": "None",
      "operatingExpenses": "39500000000",
      "investmentIncomeNet": "None",
      "netInterestIncome": "None",
      "interestIncome": "None",
      "interestExpense": "2349000000",
      "nonInterestIncome": "None",
      "otherNonOperatingIncome": "None",
      "depreciation": "None",
      "depreciationAndAmortization": "14545000000",
      "incomeBeforeTax": "12192000000",
      "incomeTaxExpense": "2674000000",
      "interestAndDebtExpense": "None",
      "netIncomeFromContinuingOperations": "None",
      "comprehensiveIncomeNetOfTax": "None",
      "ebit": "14541000000",
      "ebitda": "29086000000",
      "netIncome": "6197000000"
    },
    {
      "fiscalDateEnding": "2005-12-31",
      "reportedCurrency": "USD",
      "grossProfit": "45109000000",
      "totalRevenue": "69518000000",
      "costOfRevenue": "24409000000",
      "costofGoodsAndServicesSold": "24409000000",
      "operatingIncome": "12581000000",
      "sellingGeneralAndAdministrative": "21312000000",
      "researchAndDevelopment": "None",
      "operatingExpenses": "33058000000",
      "investmentIncomeNet": "None",
      "netInterestIncome": "None",
      "interestIncome": "None",
      "interestExpense": "2129000000",
      "nonInterestIncome": "None",
      "otherNonOperatingIncome": "None",
      "depreciation": "None",
      "depreciationAndAmortization": "13615000000",
      "incomeBeforeTax": "11449000000",
      "incomeTaxExpense": "3210000000",
      "interestAndDebtExpense": "None",
      "netIncomeFromContinuingOperations": "None",
      "comprehensiveIncomeNetOfTax": "None",
      "ebit": "13578000000",
      "ebitda": "27193000000",
      "netIncome": "7397000000"
    }
  ],
  "quarterlyReports": [
    {
      "fiscalDateEnding": "2025-03-31",
      "reportedCurrency": "USD",
      "grossProfit": "20429000000",
      "totalRevenue": "33485000000",
      "costOfRevenue": "13056000000",
      "costofGoodsAndServicesSold": "13056000000",
      "operatingIncome": "7978000000",
      "sellingGeneralAndAdministrative": "7874000000",
      "researchAndDevelopment": "None",
      "operatingExpenses": "12451000000",
      "investmentIncomeNet": "None",
      "netInterestIncome": "-1569000000",
      "interestIncome": "63000000",
      "interestExpense": "1632000000",
      "nonInterestIncome": "None",
      "otherNonOperatingIncome": "None",
      "depreciation": "None",
      "depreciationAndAmortization": "4577000000",
      "incomeBeforeTax": "6473000000",
      "incomeTaxExpense": "1490000000",
      "interestAndDebtExpense": "None",
      "netIncomeFromContinuingOperations": "4983000000",
      "comprehensiveIncomeNetOfTax": "None",
      "ebit": "8105000000",
      "ebitda": "12682000000",
      "netIncome": "4879000000"
    },
    {
      "fiscalDateEnding": "2024-12-31",
      "reportedCurrency": "USD",
      "grossProfit": "20167000000",
      "totalRevenue": "35681000000",
      "costOfRevenue": "15514000000",
      "costofGoodsAndServicesSold": "15514000000",
      "operatingIncome": "7421000000",
      "sellingGeneralAndAdministrative": "8240000000",
      "researchAndDevelopment": "None",
      "operatingExpenses": "12746000000",
      "investmentIncomeNet": "None",
      "netInterestIncome": "-1566000000",
      "interestIncome": "78000000",
      "interestExpense": "1644000000",
      "nonInterestIncome": "None",
      "otherNonOperatingIncome": "None",
      "depreciation": "None",
      "depreciationAndAmortization": "4506000000",
      "incomeBeforeTax": "6568000000",
      "incomeTaxExpense": "1454000000",
      "interestAndDebtExpense": "None",
      "netIncomeFromContinuingOperations": "5114000000",
      "comprehensiveIncomeNetOfTax": "None",
      "ebit": "8212000000",
      "ebitda": "12718000000",
      "netIncome": "5005000000"
    },
    {
      "fiscalDateEnding": "2024-09-30",
      "reportedCurrency": "USD",
      "grossProfit": "20090000000",
      "totalRevenue": "33330000000",
      "costOfRevenue": "13240000000",
      "costofGoodsAndServicesSold": "13240000000",
      "operatingIncome": "5926000000",
      "sellingGeneralAndAdministrative": "9706000000",
      "researchAndDevelopment": "None",
      "operatingExpenses": "14164000000",
      "investmentIncomeNet": "None",
      "netInterestIncome": "-1575000000",
      "interestIncome": "97000000",
      "interestExpense": "1672000000",
      "nonInterestIncome": "None",
      "otherNonOperatingIncome": "None",
      "depreciation": "None",
      "depreciationAndAmortization": "4458000000",
      "incomeBeforeTax": "4302000000",
      "incomeTaxExpense": "891000000",
      "interestAndDebtExpense": "None",
      "netIncomeFromContinuingOperations": "3411000000",
      "comprehensiveIncomeNetOfTax": "None",
      "ebit": "5974000000",
      "ebitda": "10432000000",
      "netIncome": "3306000000"
    },
    {
      "fiscalDateEnding": "2024-06-30",
      "reportedCurrency": "USD",
      "grossProfit": "20325000000",
      "totalRevenue": "32796000000",
      "costOfRevenue": "12471000000",
      "costofGoodsAndServicesSold": "12471000000",
      "operatingIncome": "7818000000",
      "sellingGeneralAndAdministrative": "8024000000",
      "researchAndDevelopment": "None",
      "operatingExpenses": "12507000000",
      "investmentIncomeNet": "None",
      "netInterestIncome": "-1615000000",
      "interestIncome": "83000000",
      "interestExpense": "1698000000",
      "nonInterestIncome": "None",
      "otherNonOperatingIncome": "None",
      "depreciation": "None",
      "depreciationAndAmortization": "4483000000",
      "incomeBeforeTax": "6034000000",
      "incomeTaxExpense": "1332000000",
      "interestAndDebtExpense": "None",
      "netIncomeFromContinuingOperations": "4702000000",
      "comprehensiveIncomeNetOfTax": "None",
      "ebit": "7732000000",
      "ebitda": "12215000000",
      "netIncome": "4593000000"
    },
    {
      "fiscalDateEnding": "2024-03-31",
      "reportedCurrency": "USD",
      "grossProfit": "20109000000",
      "totalRevenue": "32981000000",
      "costOfRevenue": "12872000000",
      "costofGoodsAndServicesSold": "12872000000",
      "operatingIncome": "7521000000",
      "sellingGeneralAndAdministrative": "8143000000",
      "researchAndDevelopment": "None",
      "operatingExpenses": "12588000000",
      "investmentIncomeNet": "None",
      "netInterestIncome": "-1557000000",
      "interestIncome": "78000000",
      "interestExpense": "1635000000",
      "nonInterestIncome": "None",
      "otherNonOperatingIncome": "None",
      "depreciation": "None",
      "depreciationAndAmortization": "4445000000",
      "incomeBeforeTax": "6075000000",
      "incomeTaxExpense": "1353000000",
      "interestAndDebtExpense": "None",
      "netIncomeFromContinuingOperations": "4722000000",
      "comprehensiveIncomeNetOfTax": "None",
      "ebit": "7710000000",
      "ebitda": "12155000000",
      "netIncome": "4602000000"
    },
    {
      "fiscalDateEnding": "2023-12-31",
      "reportedCurrency": "USD",
      "grossProfit": "19948000000",
      "totalRevenue": "35130000000",
      "costOfRevenue": "15182000000",
      "costofGoodsAndServicesSold": "15182000000",
      "operatingIncome": "600000000",
      "sellingGeneralAndAdministrative": "5144000000",
      "researchAndDevelopment": "None",
      "operatingExpenses": "13507000000",
      "investmentIncomeNet": "None",
      "netInterestIncome": "-1510000000",
      "interestIncome": "89000000",
      "interestExpense": "1599000000",
      "nonInterestIncome": "None",
      "otherNonOperatingIncome": "None",
      "depreciation": "None",
      "depreciationAndAmortization": "4516000000",
      "incomeBeforeTax": "-1817000000",
      "incomeTaxExpense": "756000000",
      "interestAndDebtExpense": "None",
      "netIncomeFromContinuingOperations": "-2573000000",
      "comprehensiveIncomeNetOfTax": "None",
      "ebit": "-219000000",
      "ebitda": "4297000000",
      "netIncome": "-2705000000"
    },
    {
      "fiscalDateEnding": "2023-09-30",
      "reportedCurrency": "USD",
      "grossProfit": "19899000000",
      "totalRevenue": "33336000000",
      "costOfRevenue": "13437000000",
      "costofGoodsAndServicesSold": "13437000000",
      "operatingIncome": "7473000000",
      "sellingGeneralAndAdministrative": "7995000000",
      "researchAndDevelopment": "None",
      "operatingExpenses": "12426000000",
      "investmentIncomeNet": "None",
      "netInterestIncome": "-1433000000",
      "interestIncome": "1451000000",
      "interestExpense": "1433000000",
      "nonInterestIncome": "None",
      "otherNonOperatingIncome": "None",
      "depreciation": "None",
      "depreciationAndAmortization": "4431000000",
      "incomeBeforeTax": "6192000000",
      "incomeTaxExpense": "1308000000",
      "interestAndDebtExpense": "None",
      "netIncomeFromContinuingOperations": "4884000000",
      "comprehensiveIncomeNetOfTax": "None",
      "ebit": "7843000000",
      "ebitda": "12274000000",
      "netIncome": "4762000000"
    },
    {
      "fiscalDateEnding": "2023-06-30",
      "reportedCurrency": "USD",
      "grossProfit": "19832000000",
      "totalRevenue": "32596000000",
      "costOfRevenue": "12764000000",
      "costofGoodsAndServicesSold": "12764000000",
      "operatingIncome": "7220000000",
      "sellingGeneralAndAdministrative": "8253000000",
      "researchAndDevelopment": "None",
      "operatingExpenses": "12612000000",
      "investmentIncomeNet": "None",
      "netInterestIncome": "-1285000000",
      "interestIncome": "1318000000",
      "interestExpense": "1285000000",
      "nonInterestIncome": "None",
      "otherNonOperatingIncome": "177000000",
      "depreciation": "None",
      "depreciationAndAmortization": "4359000000",
      "incomeBeforeTax": "6112000000",
      "incomeTaxExpense": "1346000000",
      "interestAndDebtExpense": "None",
      "netIncomeFromContinuingOperations": "4766000000",
      "comprehensiveIncomeNetOfTax": "None",
      "ebit": "7625000000",
      "ebitda": "11984000000",
      "netIncome": "4648000000"
    },
    {
      "fiscalDateEnding": "2023-03-31",
      "reportedCurrency": "USD",
      "grossProfit": "19408000000",
      "totalRevenue": "32912000000",
      "costOfRevenue": "13504000000",
      "costofGoodsAndServicesSold": "13504000000",
      "operatingIncome": "7584000000",
      "sellingGeneralAndAdministrative": "7506000000",
      "researchAndDevelopment": "None",
      "operatingExpenses": "11824000000",
      "investmentIncomeNet": "None",
      "netInterestIncome": "-1207000000",
      "interestIncome": "1198000000",
      "interestExpense": "1207000000",
      "nonInterestIncome": "None",
      "otherNonOperatingIncome": "123000000",
      "depreciation": "None",
      "depreciationAndAmortization": "4318000000",
      "incomeBeforeTax": "6500000000",
      "incomeTaxExpense": "1482000000",
      "interestAndDebtExpense": "None",
      "netIncomeFromContinuingOperations": "5018000000",
      "comprehensiveIncomeNetOfTax": "None",
      "ebit": "7597000000",
      "ebitda": "11915000000",
      "netIncome": "4909000000"
    },
    {
      "fiscalDateEnding": "2022-12-31",
      "reportedCurrency": "USD",
      "grossProfit": "19489000000",
      "totalRevenue": "35251000000",
      "costOfRevenue": "15762000000",
      "costofGoodsAndServicesSold": "15762000000",
      "operatingIncome": "7225000000",
      "sellingGeneralAndAdministrative": "4490000000",
      "researchAndDevelopment": "None",
      "operatingExpenses": "12264000000",
      "investmentIncomeNet": "None",
      "netInterestIncome": "-1105000000",
      "interestIncome": "1101000000",
      "interestExpense": "1105000000",
      "nonInterestIncome": "None",
      "otherNonOperatingIncome": "2691000000",
      "depreciation": "None",
      "depreciationAndAmortization": "4218000000",
      "incomeBeforeTax": "8811000000",
      "incomeTaxExpense": "2113000000",
      "interestAndDebtExpense": "None",
      "netIncomeFromContinuingOperations": "6698000000",
      "comprehensiveIncomeNetOfTax": "None",
      "ebit": "9916000000",
      "ebitda": "14134000000",
      "netIncome": "6577000000"
    },
    {
      "fiscalDateEnding": "2022-09-30",
      "reportedCurrency": "USD",
      "grossProfit": "19640000000",
      "totalRevenue": "34241000000",
      "costOfRevenue": "14601000000",
      "costofGoodsAndServicesSold": "14601000000",
      "operatingIncome": "7894000000",
      "sellingGeneralAndAdministrative": "7422000000",
      "researchAndDevelopment": "None",
      "operatingExpenses": "11746000000",
      "investmentIncomeNet": "None",
      "netInterestIncome": "-937000000",
      "interestIncome": "935000000",
      "interestExpense": "937000000",
      "nonInterestIncome": "None",
      "otherNonOperatingIncome": "-437000000",
      "depreciation": "None",
      "depreciationAndAmortization": "4324000000",
      "incomeBeforeTax": "6520000000",
      "incomeTaxExpense": "1496000000",
      "interestAndDebtExpense": "None",
      "netIncomeFromContinuingOperations": "5024000000",
      "comprehensiveIncomeNetOfTax": "None",
      "ebit": "8022000000",
      "ebitda": "12346000000",
      "netIncome": "4900000000"
    },
    {
      "fiscalDateEnding": "2022-06-30",
      "reportedCurrency": "USD",
      "grossProfit": "19369000000",
      "totalRevenue": "33789000000",
      "costOfRevenue": "14420000000",
      "costofGoodsAndServicesSold": "14420000000",
      "operatingIncome": "7552000000",
      "sellingGeneralAndAdministrative": "7496000000",
      "researchAndDevelopment": "None",
      "operatingExpenses": "11817000000",
      "investmentIncomeNet": "None",
      "netInterestIncome": "-785000000",
      "interestIncome": "21000000",
      "interestExpense": "785000000",
      "nonInterestIncome": "None",
      "otherNonOperatingIncome": "90000000",
      "depreciation": "None",
      "depreciationAndAmortization": "4321000000",
      "incomeBeforeTax": "6857000000",
      "incomeTaxExpense": "1542000000",
      "interestAndDebtExpense": "None",
      "netIncomeFromContinuingOperations": "5315000000",
      "comprehensiveIncomeNetOfTax": "None",
      "ebit": "7751000000",
      "ebitda": "12072000000",
      "netIncome": "5199000000"
    },
    {
      "fiscalDateEnding": "2022-03-31",
      "reportedCurrency": "USD",
      "grossProfit": "19204000000",
      "totalRevenue": "33554000000",
      "costOfRevenue": "14350000000",
      "costofGoodsAndServicesSold": "14350000000",
      "operatingIncome": "7796000000",
      "sellingGeneralAndAdministrative": "7172000000",
      "researchAndDevelopment": "None",
      "operatingExpenses": "11408000000",
      "investmentIncomeNet": "None",
      "netInterestIncome": "-786000000",
      "interestIncome": "10000000",
      "interestExpense": "786000000",
      "nonInterestIncome": "None",
      "otherNonOperatingIncome": "-927000000",
      "depreciation": "None",
      "depreciationAndAmortization": "4236000000",
      "incomeBeforeTax": "6083000000",
      "incomeTaxExpense": "1372000000",
      "interestAndDebtExpense": "None",
      "netIncomeFromContinuingOperations": "4711000000",
      "comprehensiveIncomeNetOfTax": "None",
      "ebit": "8095000000",
      "ebitda": "12331000000",
      "netIncome": "4580000000"
    },
    {
      "fiscalDateEnding": "2021-12-31",
      "reportedCurrency": "USD",
      "grossProfit": "19071000000",
      "totalRevenue": "34067000000",
      "costOfRevenue": "14996000000",
      "costofGoodsAndServicesSold": "14996000000",
      "operatingIncome": "7608000000",
      "sellingGeneralAndAdministrative": "4018000000",
      "researchAndDevelopment": "None",
      "operatingExpenses": "11463000000",
      "investmentIncomeNet": "None",
      "netInterestIncome": "-739000000",
      "interestIncome": "604000000",
      "interestExpense": "739000000",
      "nonInterestIncome": "None",
      "otherNonOperatingIncome": "-725000000",
      "depreciation": "None",
      "depreciationAndAmortization": "4051000000",
      "incomeBeforeTax": "6144000000",
      "incomeTaxExpense": "1407000000",
      "interestAndDebtExpense": "None",
      "netIncomeFromContinuingOperations": "4737000000",
      "comprehensiveIncomeNetOfTax": "None",
      "ebit": "6883000000",
      "ebitda": "10934000000",
      "netIncome": "4613000000"
    },
    {
      "fiscalDateEnding": "2021-09-30",
      "reportedCurrency": "USD",
      "grossProfit": "19387000000",
      "totalRevenue": "32915000000",
      "costOfRevenue": "13528000000",
      "costofGoodsAndServicesSold": "13528000000",
      "operatingIncome": "8905000000",
      "sellingGeneralAndAdministrative": "6521000000",
      "researchAndDevelopment": "None",
      "operatingExpenses": "10482000000",
      "investmentIncomeNet": "None",
      "netInterestIncome": "-801000000",
      "interestIncome": "800000000",
      "interestExpense": "801000000",
      "nonInterestIncome": "None",
      "otherNonOperatingIncome": "270000000",
      "depreciation": "None",
      "depreciationAndAmortization": "3961000000",
      "incomeBeforeTax": "8374000000",
      "incomeTaxExpense": "1820000000",
      "interestAndDebtExpense": "None",
      "netIncomeFromContinuingOperations": "6554000000",
      "comprehensiveIncomeNetOfTax": "None",
      "ebit": "9175000000",
      "ebitda": "13136000000",
      "netIncome": "6407000000"
    },
    {
      "fiscalDateEnding": "2021-06-30",
      "reportedCurrency": "USD",
      "grossProfit": "19509000000",
      "totalRevenue": "33764000000",
      "costOfRevenue": "14255000000",
      "costofGoodsAndServicesSold": "14255000000",
      "operatingIncome": "8165000000",
      "sellingGeneralAndAdministrative": "7324000000",
      "researchAndDevelopment": "None",
      "operatingExpenses": "11344000000",
      "investmentIncomeNet": "None",
      "netInterestIncome": "-844000000",
      "interestIncome": "843000000",
      "interestExpense": "844000000",
      "nonInterestIncome": "None",
      "otherNonOperatingIncome": "503000000",
      "depreciation": "None",
      "depreciationAndAmortization": "4020000000",
      "incomeBeforeTax": "7824000000",
      "incomeTaxExpense": "1875000000",
      "interestAndDebtExpense": "None",
      "netIncomeFromContinuingOperations": "5949000000",
      "comprehensiveIncomeNetOfTax": "None",
      "ebit": "8668000000",
      "ebitda": "12688000000",
      "netIncome": "5800000000"
    },
    {
      "fiscalDateEnding": "2021-03-31",
      "reportedCurrency": "USD",
      "grossProfit": "19345000000",
      "totalRevenue": "32867000000",
      "costOfRevenue": "13522000000",
      "costofGoodsAndServicesSold": "13522000000",
      "operatingIncome": "7770000000",
      "sellingGeneralAndAdministrative": "7401000000",
      "researchAndDevelopment": "None",
      "operatingExpenses": "11575000000",
      "investmentIncomeNet": "None",
      "netInterestIncome": "-1101000000",
      "interestIncome": "1093000000",
      "interestExpense": "1101000000",
      "nonInterestIncome": "None",
      "otherNonOperatingIncome": "409000000",
      "depreciation": "None",
      "depreciationAndAmortization": "4174000000",
      "incomeBeforeTax": "7078000000",
      "incomeTaxExpense": "1700000000",
      "interestAndDebtExpense": "None",
      "netIncomeFromContinuingOperations": "5378000000",
      "comprehensiveIncomeNetOfTax": "None",
      "ebit": "8179000000",
      "ebitda": "12353000000",
      "netIncome": "5245000000"
    },
    {
      "fiscalDateEnding": "2020-12-31",
      "reportedCurrency": "USD",
      "grossProfit": "19870000000",
      "totalRevenue": "34692000000",
      "costOfRevenue": "14822000000",
      "costofGoodsAndServicesSold": "14822000000",
      "operatingIncome": "7180000000",
      "sellingGeneralAndAdministrative": "5386000000",
      "researchAndDevelopment": "None",
      "operatingExpenses": "12690000000",
      "investmentIncomeNet": "None",
      "netInterestIncome": "-1080000000",
      "interestIncome": "1091000000",
      "interestExpense": "1080000000",
      "nonInterestIncome": "None",
      "otherNonOperatingIncome": "153000000",
      "depreciation": "None",
      "depreciationAndAmortization": "4197000000",
      "incomeBeforeTax": "6253000000",
      "incomeTaxExpense": "1535000000",
      "interestAndDebtExpense": "None",
      "netIncomeFromContinuingOperations": "4718000000",
      "comprehensiveIncomeNetOfTax": "None",
      "ebit": "7333000000",
      "ebitda": "11530000000",
      "netIncome": "4588000000"
    },
    {
      "fiscalDateEnding": "2020-09-30",
      "reportedCurrency": "USD",
      "grossProfit": "19209000000",
      "totalRevenue": "31543000000",
      "costOfRevenue": "12334000000",
      "costofGoodsAndServicesSold": "12334000000",
      "operatingIncome": "7678000000",
      "sellingGeneralAndAdministrative": "7339000000",
      "researchAndDevelopment": "None",
      "operatingExpenses": "11531000000",
      "investmentIncomeNet": "None",
      "netInterestIncome": "-1031000000",
      "interestIncome": "1040000000",
      "interestExpense": "1044000000",
      "nonInterestIncome": "None",
      "otherNonOperatingIncome": "-783000000",
      "depreciation": "None",
      "depreciationAndAmortization": "4192000000",
      "incomeBeforeTax": "5851000000",
      "incomeTaxExpense": "1347000000",
      "interestAndDebtExpense": "None",
      "netIncomeFromContinuingOperations": "4504000000",
      "comprehensiveIncomeNetOfTax": "None",
      "ebit": "6895000000",
      "ebitda": "11087000000",
      "netIncome": "4357000000"
    },
    {
      "fiscalDateEnding": "2020-06-30",
      "reportedCurrency": "USD",
      "grossProfit": "18698000000",
      "totalRevenue": "30447000000",
      "costOfRevenue": "11749000000",
      "costofGoodsAndServicesSold": "11749000000",
      "operatingIncome": "7361000000",
      "sellingGeneralAndAdministrative": "7156000000",
      "researchAndDevelopment": "None",
      "operatingExpenses": "11337000000",
      "investmentIncomeNet": "None",
      "netInterestIncome": "-1073000000",
      "interestIncome": "16000000",
      "interestExpense": "1089000000",
      "nonInterestIncome": "None",
      "otherNonOperatingIncome": "-85000000",
      "depreciation": "None",
      "depreciationAndAmortization": "4181000000",
      "incomeBeforeTax": "6187000000",
      "incomeTaxExpense": "1348000000",
      "interestAndDebtExpense": "None",
      "netIncomeFromContinuingOperations": "4839000000",
      "comprehensiveIncomeNetOfTax": "None",
      "ebit": "7646000000",
      "ebitda": "11827000000",
      "netIncome": "4700000000"
    },
    {
      "fiscalDateEnding": "2020-03-31",
      "reportedCurrency": "USD",
      "grossProfit": "19314000000",
      "totalRevenue": "31610000000",
      "costOfRevenue": "12296000000",
      "costofGoodsAndServicesSold": "12296000000",
      "operatingIncome": "6579000000",
      "sellingGeneralAndAdministrative": "8585000000",
      "researchAndDevelopment": "None",
      "operatingExpenses": "12735000000",
      "investmentIncomeNet": "None",
      "netInterestIncome": "-1014000000",
      "interestIncome": "20000000",
      "interestExpense": "1034000000",
      "nonInterestIncome": "None",
      "otherNonOperatingIncome": "131000000",
      "depreciation": "None",
      "depreciationAndAmortization": "4150000000",
      "incomeBeforeTax": "5676000000",
      "incomeTaxExpense": "1389000000",
      "interestAndDebtExpense": "None",
      "netIncomeFromContinuingOperations": "4287000000",
      "comprehensiveIncomeNetOfTax": "None",
      "ebit": "6710000000",
      "ebitda": "10860000000",
      "netIncome": "4156000000"
    },
    {
      "fiscalDateEnding": "2019-12-31",
      "reportedCurrency": "USD",
      "grossProfit": "19144000000",
      "totalRevenue": "34775000000",
      "costOfRevenue": "15631000000",
      "costofGoodsAndServicesSold": "15631000000",
      "operatingIncome": "6639000000",
      "sellingGeneralAndAdministrative": "5237000000",
      "researchAndDevelopment": "None",
      "operatingExpenses": "12413000000",
      "investmentIncomeNet": "None",
      "netInterestIncome": "-1132000000",
      "interestIncome": "27000000",
      "interestExpense": "1159000000",
      "nonInterestIncome": "None",
      "otherNonOperatingIncome": "-3093000000",
      "depreciation": "None",
      "depreciationAndAmortization": "4105000000",
      "incomeBeforeTax": "3712000000",
      "incomeTaxExpense": "-1505000000",
      "interestAndDebtExpense": "None",
      "netIncomeFromContinuingOperations": "9291000000",
      "comprehensiveIncomeNetOfTax": "None",
      "ebit": "4871000000",
      "ebitda": "8976000000",
      "netIncome": "5095000000"
    },
    {
      "fiscalDateEnding": "2019-09-30",
      "reportedCurrency": "USD",
      "grossProfit": "19510000000",
      "totalRevenue": "32894000000",
      "costOfRevenue": "13384000000",
      "costofGoodsAndServicesSold": "13384000000",
      "operatingIncome": "8180000000",
      "sellingGeneralAndAdministrative": "7216000000",
      "researchAndDevelopment": "None",
      "operatingExpenses": "11330000000",
      "investmentIncomeNet": "None",
      "netInterestIncome": "-1112000000",
      "interestIncome": "34000000",
      "interestExpense": "1146000000",
      "nonInterestIncome": "None",
      "otherNonOperatingIncome": "-111000000",
      "depreciation": "None",
      "depreciationAndAmortization": "4114000000",
      "incomeBeforeTax": "6923000000",
      "incomeTaxExpense": "1586000000",
      "interestAndDebtExpense": "None",
      "netIncomeFromContinuingOperations": "5337000000",
      "comprehensiveIncomeNetOfTax": "None",
      "ebit": "8069000000",
      "ebitda": "12183000000",
      "netIncome": "5194000000"
    },
    {
      "fiscalDateEnding": "2019-06-30",
      "reportedCurrency": "USD",
      "grossProfit": "19350000000",
      "totalRevenue": "32071000000",
      "costOfRevenue": "12721000000",
      "costofGoodsAndServicesSold": "12721000000",
      "operatingIncome": "7850000000",
      "sellingGeneralAndAdministrative": "7268000000",
      "researchAndDevelopment": "None",
      "operatingExpenses": "11500000000",
      "investmentIncomeNet": "None",
      "netInterestIncome": "-1184000000",
      "interestIncome": "1197000000",
      "interestExpense": "1215000000",
      "nonInterestIncome": "None",
      "otherNonOperatingIncome": "None",
      "depreciation": "None",
      "depreciationAndAmortization": "4232000000",
      "incomeBeforeTax": "5310000000",
      "incomeTaxExpense": "1236000000",
      "interestAndDebtExpense": "None",
      "netIncomeFromContinuingOperations": "4074000000",
      "comprehensiveIncomeNetOfTax": "None",
      "ebit": "6525000000",
      "ebitda": "10757000000",
      "netIncome": "3944000000"
    },
    {
      "fiscalDateEnding": "2019-03-31",
      "reportedCurrency": "USD",
      "grossProfit": "19138000000",
      "totalRevenue": "32128000000",
      "costOfRevenue": "12990000000",
      "costofGoodsAndServicesSold": "12990000000",
      "operatingIncome": "7709000000",
      "sellingGeneralAndAdministrative": "7198000000",
      "researchAndDevelopment": "None",
      "operatingExpenses": "11429000000",
      "investmentIncomeNet": "None",
      "netInterestIncome": "-1181000000",
      "interestIncome": "29000000",
      "interestExpense": "1210000000",
      "nonInterestIncome": "None",
      "otherNonOperatingIncome": "289000000",
      "depreciation": "None",
      "depreciationAndAmortization": "4231000000",
      "incomeBeforeTax": "6788000000",
      "incomeTaxExpense": "1628000000",
      "interestAndDebtExpense": "None",
      "netIncomeFromContinuingOperations": "5160000000",
      "comprehensiveIncomeNetOfTax": "None",
      "ebit": "7998000000",
      "ebitda": "12229000000",
      "netIncome": "5032000000"
    },
    {
      "fiscalDateEnding": "2018-12-31",
      "reportedCurrency": "USD",
      "grossProfit": "18990000000",
      "totalRevenue": "34281000000",
      "costOfRevenue": "15291000000",
      "costofGoodsAndServicesSold": "15291000000",
      "operatingIncome": "637000000",
      "sellingGeneralAndAdministrative": "21673000000",
      "researchAndDevelopment": "0",
      "operatingExpenses": "13762000000",
      "investmentIncomeNet": "None",
      "netInterestIncome": "None",
      "interestIncome": "None",
      "interestExpense": "1199000000",
      "nonInterestIncome": "None",
      "otherNonOperatingIncome": "1929000000",
      "depreciation": "None",
      "depreciationAndAmortization": "4352000000",
      "incomeBeforeTax": "1367000000",
      "incomeTaxExpense": "-698000000",
      "interestAndDebtExpense": "None",
      "netIncomeFromContinuingOperations": "2065000000",
      "comprehensiveIncomeNetOfTax": "None",
      "ebit": "2566000000",
      "ebitda": "6918000000",
      "netIncome": "1939000000"
    },
    {
      "fiscalDateEnding": "2018-09-30",
      "reportedCurrency": "USD",
      "grossProfit": "19276000000",
      "totalRevenue": "32607000000",
      "costOfRevenue": "13331000000",
      "costofGoodsAndServicesSold": "13331000000",
      "operatingIncome": "7675000000",
      "sellingGeneralAndAdministrative": "7224000000",
      "researchAndDevelopment": "0",
      "operatingExpenses": "11601000000",
      "investmentIncomeNet": "None",
      "netInterestIncome": "None",
      "interestIncome": "None",
      "interestExpense": "1211000000",
      "nonInterestIncome": "None",
      "otherNonOperatingIncome": "211000000",
      "depreciation": "None",
      "depreciationAndAmortization": "4377000000",
      "incomeBeforeTax": "6675000000",
      "incomeTaxExpense": "1613000000",
      "interestAndDebtExpense": "None",
      "netIncomeFromContinuingOperations": "5062000000",
      "comprehensiveIncomeNetOfTax": "None",
      "ebit": "7886000000",
      "ebitda": "12263000000",
      "netIncome": "4924000000"
    },
    {
      "fiscalDateEnding": "2018-06-30",
      "reportedCurrency": "USD",
      "grossProfit": "18572000000",
      "totalRevenue": "32203000000",
      "costOfRevenue": "13631000000",
      "costofGoodsAndServicesSold": "13631000000",
      "operatingIncome": "6617000000",
      "sellingGeneralAndAdministrative": "7605000000",
      "researchAndDevelopment": "0",
      "operatingExpenses": "11955000000",
      "investmentIncomeNet": "None",
      "netInterestIncome": "None",
      "interestIncome": "None",
      "interestExpense": "1222000000",
      "nonInterestIncome": "None",
      "otherNonOperatingIncome": "132000000",
      "depreciation": "None",
      "depreciationAndAmortization": "4350000000",
      "incomeBeforeTax": "5527000000",
      "incomeTaxExpense": "1281000000",
      "interestAndDebtExpense": "None",
      "netIncomeFromContinuingOperations": "4246000000",
      "comprehensiveIncomeNetOfTax": "None",
      "ebit": "6749000000",
      "ebitda": "11099000000",
      "netIncome": "4120000000"
    },
    {
      "fiscalDateEnding": "2018-03-31",
      "reportedCurrency": "USD",
      "grossProfit": "18517000000",
      "totalRevenue": "31772000000",
      "costOfRevenue": "13255000000",
      "costofGoodsAndServicesSold": "13255000000",
      "operatingIncome": "7349000000",
      "sellingGeneralAndAdministrative": "6844000000",
      "researchAndDevelopment": "0",
      "operatingExpenses": "11168000000",
      "investmentIncomeNet": "None",
      "netInterestIncome": "None",
      "interestIncome": "None",
      "interestExpense": "1201000000",
      "nonInterestIncome": "None",
      "otherNonOperatingIncome": "-94000000",
      "depreciation": "None",
      "depreciationAndAmortization": "4324000000",
      "incomeBeforeTax": "6054000000",
      "incomeTaxExpense": "1388000000",
      "interestAndDebtExpense": "None",
      "netIncomeFromContinuingOperations": "4666000000",
      "comprehensiveIncomeNetOfTax": "None",
      "ebit": "7711000000",
      "ebitda": "12035000000",
      "netIncome": "4545000000"
    },
    {
      "fiscalDateEnding": "2017-12-31",
      "reportedCurrency": "USD",
      "grossProfit": "18780000000",
      "totalRevenue": "33955000000",
      "costOfRevenue": "15175000000",
      "costofGoodsAndServicesSold": "15175000000",
      "operatingIncome": "4793000000",
      "sellingGeneralAndAdministrative": "18805000000",
      "researchAndDevelopment": "0",
      "operatingExpenses": "13987000000",
      "investmentIncomeNet": "None",
      "netInterestIncome": "None",
      "interestIncome": "None",
      "interestExpense": "1219000000",
      "nonInterestIncome": "None",
      "otherNonOperatingIncome": "-640000000",
      "depreciation": "None",
      "depreciationAndAmortization": "4456000000",
      "incomeBeforeTax": "2934000000",
      "incomeTaxExpense": "-15849000000",
      "interestAndDebtExpense": "None",
      "netIncomeFromContinuingOperations": "18783000000",
      "comprehensiveIncomeNetOfTax": "None",
      "ebit": "4153000000",
      "ebitda": "8609000000",
      "netIncome": "18669000000"
    },
    {
      "fiscalDateEnding": "2017-09-30",
      "reportedCurrency": "USD",
      "grossProfit": "18743000000",
      "totalRevenue": "31717000000",
      "costOfRevenue": "12974000000",
      "costofGoodsAndServicesSold": "12974000000",
      "operatingIncome": "6988000000",
      "sellingGeneralAndAdministrative": "7632000000",
      "researchAndDevelopment": "0",
      "operatingExpenses": "11755000000",
      "investmentIncomeNet": "None",
      "netInterestIncome": "None",
      "interestIncome": "None",
      "interestExpense": "1164000000",
      "nonInterestIncome": "None",
      "otherNonOperatingIncome": "-533000000",
      "depreciation": "None",
      "depreciationAndAmortization": "4272000000",
      "incomeBeforeTax": "5511000000",
      "incomeTaxExpense": "1775000000",
      "interestAndDebtExpense": "None",
      "netIncomeFromContinuingOperations": "3736000000",
      "comprehensiveIncomeNetOfTax": "None",
      "ebit": "6675000000",
      "ebitda": "10947000000",
      "netIncome": "3620000000"
    },
    {
      "fiscalDateEnding": "2017-06-30",
      "reportedCurrency": "USD",
      "grossProfit": "18064000000",
      "totalRevenue": "30548000000",
      "costOfRevenue": "12484000000",
      "costofGoodsAndServicesSold": "12484000000",
      "operatingIncome": "8014000000",
      "sellingGeneralAndAdministrative": "4265000000",
      "researchAndDevelopment": "0",
      "operatingExpenses": "10050000000",
      "investmentIncomeNet": "None",
      "netInterestIncome": "None",
      "interestIncome": "None",
      "interestExpense": "1218000000",
      "nonInterestIncome": "None",
      "otherNonOperatingIncome": "-47000000",
      "depreciation": "None",
      "depreciationAndAmortization": "4167000000",
      "incomeBeforeTax": "6967000000",
      "incomeTaxExpense": "2489000000",
      "interestAndDebtExpense": "None",
      "netIncomeFromContinuingOperations": "4478000000",
      "comprehensiveIncomeNetOfTax": "None",
      "ebit": "8991000000",
      "ebitda": "13158000000",
      "netIncome": "4362000000"
    },
    {
      "fiscalDateEnding": "2017-03-31",
      "reportedCurrency": "USD",
      "grossProfit": "17767000000",
      "totalRevenue": "29814000000",
      "costOfRevenue": "12047000000",
      "costofGoodsAndServicesSold": "12047000000",
      "operatingIncome": "6962000000",
      "sellingGeneralAndAdministrative": "6908000000",
      "researchAndDevelopment": "0",
      "operatingExpenses": "10805000000",
      "investmentIncomeNet": "None",
      "netInterestIncome": "None",
      "interestIncome": "None",
      "interestExpense": "1132000000",
      "nonInterestIncome": "None",
      "otherNonOperatingIncome": "-867000000",
      "depreciation": "None",
      "depreciationAndAmortization": "4059000000",
      "incomeBeforeTax": "5182000000",
      "incomeTaxExpense": "1629000000",
      "interestAndDebtExpense": "None",
      "netIncomeFromContinuingOperations": "3553000000",
      "comprehensiveIncomeNetOfTax": "None",
      "ebit": "7054000000",
      "ebitda": "11113000000",
      "netIncome": "3450000000"
    },
    {
      "fiscalDateEnding": "2016-12-31",
      "reportedCurrency": "USD",
      "grossProfit": "17978000000",
      "totalRevenue": "32340000000",
      "costOfRevenue": "14362000000",
      "costofGoodsAndServicesSold": "14362000000",
      "operatingIncome": "8023000000",
      "sellingGeneralAndAdministrative": "3224000000",
      "researchAndDevelopment": "0",
      "operatingExpenses": "9955000000",
      "investmentIncomeNet": "None",
      "netInterestIncome": "None",
      "interestIncome": "None",
      "interestExpense": "1137000000",
      "nonInterestIncome": "None",
      "otherNonOperatingIncome": "63000000",
      "depreciation": "None",
      "depreciationAndAmortization": "3987000000",
      "incomeBeforeTax": "6949000000",
      "incomeTaxExpense": "2349000000",
      "interestAndDebtExpense": "None",
      "netIncomeFromContinuingOperations": "4600000000",
      "comprehensiveIncomeNetOfTax": "None",
      "ebit": "8086000000",
      "ebitda": "12073000000",
      "netIncome": "4495000000"
    },
    {
      "fiscalDateEnding": "2016-09-30",
      "reportedCurrency": "USD",
      "grossProfit": "18708000000",
      "totalRevenue": "30937000000",
      "costOfRevenue": "12229000000",
      "costofGoodsAndServicesSold": "12229000000",
      "operatingIncome": "6540000000",
      "sellingGeneralAndAdministrative": "8226000000",
      "researchAndDevelopment": "0",
      "operatingExpenses": "12168000000",
      "investmentIncomeNet": "None",
      "netInterestIncome": "None",
      "interestIncome": "None",
      "interestExpense": "1038000000",
      "nonInterestIncome": "None",
      "otherNonOperatingIncome": "74000000",
      "depreciation": "None",
      "depreciationAndAmortization": "3942000000",
      "incomeBeforeTax": "5576000000",
      "incomeTaxExpense": "1829000000",
      "interestAndDebtExpense": "None",
      "netIncomeFromContinuingOperations": "3747000000",
      "comprehensiveIncomeNetOfTax": "None",
      "ebit": "6614000000",
      "ebitda": "10556000000",
      "netIncome": "3620000000"
    },
    {
      "fiscalDateEnding": "2016-06-30",
      "reportedCurrency": "USD",
      "grossProfit": "18311000000",
      "totalRevenue": "30532000000",
      "costOfRevenue": "12221000000",
      "costofGoodsAndServicesSold": "12221000000",
      "operatingIncome": "4554000000",
      "sellingGeneralAndAdministrative": "9775000000",
      "researchAndDevelopment": "0",
      "operatingExpenses": "13757000000",
      "investmentIncomeNet": "None",
      "netInterestIncome": "None",
      "interestIncome": "None",
      "interestExpense": "1013000000",
      "nonInterestIncome": "None",
      "otherNonOperatingIncome": "-1846000000",
      "depreciation": "None",
      "depreciationAndAmortization": "3982000000",
      "incomeBeforeTax": "1695000000",
      "incomeTaxExpense": "864000000",
      "interestAndDebtExpense": "None",
      "netIncomeFromContinuingOperations": "831000000",
      "comprehensiveIncomeNetOfTax": "None",
      "ebit": "8104000000",
      "ebitda": "12086000000",
      "netIncome": "702000000"
    },
    {
      "fiscalDateEnding": "2016-03-31",
      "reportedCurrency": "USD",
      "grossProfit": "19559000000",
      "totalRevenue": "32171000000",
      "costOfRevenue": "12612000000",
      "costofGoodsAndServicesSold": "12612000000",
      "operatingIncome": "7942000000",
      "sellingGeneralAndAdministrative": "7600000000",
      "researchAndDevelopment": "0",
      "operatingExpenses": "11617000000",
      "investmentIncomeNet": "None",
      "netInterestIncome": "None",
      "interestIncome": "None",
      "interestExpense": "1188000000",
      "nonInterestIncome": "None",
      "otherNonOperatingIncome": "12000000",
      "depreciation": "None",
      "depreciationAndAmortization": "4017000000",
      "incomeBeforeTax": "6766000000",
      "incomeTaxExpense": "2336000000",
      "interestAndDebtExpense": "None",
      "netIncomeFromContinuingOperations": "4430000000",
      "comprehensiveIncomeNetOfTax": "None",
      "ebit": "7942000000",
      "ebitda": "11959000000",
      "netIncome": "4310000000"
    },
    {
      "fiscalDateEnding": "2015-12-31",
      "reportedCurrency": "USD",
      "grossProfit": "19547000000",
      "totalRevenue": "34254000000",
      "costOfRevenue": "14707000000",
      "costofGoodsAndServicesSold": "14707000000",
      "operatingIncome": "9744000000",
      "sellingGeneralAndAdministrative": "3015000000",
      "researchAndDevelopment": "0",
      "operatingExpenses": "9803000000",
      "investmentIncomeNet": "None",
      "netInterestIncome": "None",
      "interestIncome": "None",
      "interestExpense": "1178000000",
      "nonInterestIncome": "None",
      "otherNonOperatingIncome": "None",
      "depreciation": "None",
      "depreciationAndAmortization": "4039000000",
      "incomeBeforeTax": "8578000000",
      "incomeTaxExpense": "3065000000",
      "interestAndDebtExpense": "None",
      "netIncomeFromContinuingOperations": "18375000000",
      "comprehensiveIncomeNetOfTax": "None",
      "ebit": "9953000000",
      "ebitda": "13992000000",
      "netIncome": "5391000000"
    },
    {
      "fiscalDateEnding": "2015-09-30",
      "reportedCurrency": "USD",
      "grossProfit": "19853000000",
      "totalRevenue": "33158000000",
      "costOfRevenue": "13305000000",
      "costofGoodsAndServicesSold": "13305000000",
      "operatingIncome": "7535000000",
      "sellingGeneralAndAdministrative": "8309000000",
      "researchAndDevelopment": "0",
      "operatingExpenses": "12318000000",
      "investmentIncomeNet": "None",
      "netInterestIncome": "None",
      "interestIncome": "None",
      "interestExpense": "1202000000",
      "nonInterestIncome": "None",
      "otherNonOperatingIncome": "33000000",
      "depreciation": "None",
      "depreciationAndAmortization": "4009000000",
      "incomeBeforeTax": "6366000000",
      "incomeTaxExpense": "2195000000",
      "interestAndDebtExpense": "None",
      "netIncomeFromContinuingOperations": "4171000000",
      "comprehensiveIncomeNetOfTax": "None",
      "ebit": "7877000000",
      "ebitda": "11886000000",
      "netIncome": "4038000000"
    },
    {
      "fiscalDateEnding": "2015-06-30",
      "reportedCurrency": "USD",
      "grossProfit": "19775000000",
      "totalRevenue": "32224000000",
      "costOfRevenue": "12449000000",
      "costofGoodsAndServicesSold": "12449000000",
      "operatingIncome": "7821000000",
      "sellingGeneralAndAdministrative": "7974000000",
      "researchAndDevelopment": "0",
      "operatingExpenses": "11954000000",
      "investmentIncomeNet": "None",
      "netInterestIncome": "None",
      "interestIncome": "None",
      "interestExpense": "1208000000",
      "nonInterestIncome": "None",
      "otherNonOperatingIncome": "14000000",
      "depreciation": "None",
      "depreciationAndAmortization": "3980000000",
      "incomeBeforeTax": "6627000000",
      "incomeTaxExpense": "2274000000",
      "interestAndDebtExpense": "None",
      "netIncomeFromContinuingOperations": "4353000000",
      "comprehensiveIncomeNetOfTax": "None",
      "ebit": "7821000000",
      "ebitda": "11801000000",
      "netIncome": "4231000000"
    },
    {
      "fiscalDateEnding": "2015-03-31",
      "reportedCurrency": "USD",
      "grossProfit": "19888000000",
      "totalRevenue": "31984000000",
      "costOfRevenue": "12096000000",
      "costofGoodsAndServicesSold": "12096000000",
      "operatingIncome": "7960000000",
      "sellingGeneralAndAdministrative": "7939000000",
      "researchAndDevelopment": "0",
      "operatingExpenses": "11928000000",
      "investmentIncomeNet": "None",
      "netInterestIncome": "None",
      "interestIncome": "None",
      "interestExpense": "1332000000",
      "nonInterestIncome": "None",
      "otherNonOperatingIncome": "None",
      "depreciation": "None",
      "depreciationAndAmortization": "3989000000",
      "incomeBeforeTax": "6669000000",
      "incomeTaxExpense": "2331000000",
      "interestAndDebtExpense": "None",
      "netIncomeFromContinuingOperations": "0",
      "comprehensiveIncomeNetOfTax": "None",
      "ebit": "7960000000",
      "ebitda": "11949000000",
      "netIncome": "4219000000"
    },
    {
      "fiscalDateEnding": "2014-12-31",
      "reportedCurrency": "USD",
      "grossProfit": "18789000000",
      "totalRevenue": "33192000000",
      "costOfRevenue": "14403000000",
      "costofGoodsAndServicesSold": "14403000000",
      "operatingIncome": "-2136000000",
      "sellingGeneralAndAdministrative": "14331000000",
      "researchAndDevelopment": "0",
      "operatingExpenses": "20925000000",
      "investmentIncomeNet": "None",
      "netInterestIncome": "None",
      "interestIncome": "None",
      "interestExpense": "1282000000",
      "nonInterestIncome": "None",
      "otherNonOperatingIncome": "-468000000",
      "depreciation": "None",
      "depreciationAndAmortization": "4068000000",
      "incomeBeforeTax": "-3886000000",
      "incomeTaxExpense": "-1738000000",
      "interestAndDebtExpense": "None",
      "netIncomeFromContinuingOperations": "-2148000000",
      "comprehensiveIncomeNetOfTax": "None",
      "ebit": "-1636000000",
      "ebitda": "2432000000",
      "netIncome": "-2231000000"
    },
    {
      "fiscalDateEnding": "2014-09-30",
      "reportedCurrency": "USD",
      "grossProfit": "19334000000",
      "totalRevenue": "31586000000",
      "costOfRevenue": "12252000000",
      "costofGoodsAndServicesSold": "12252000000",
      "operatingIncome": "6890000000",
      "sellingGeneralAndAdministrative": "8277000000",
      "researchAndDevelopment": "0",
      "operatingExpenses": "12444000000",
      "investmentIncomeNet": "None",
      "netInterestIncome": "None",
      "interestIncome": "None",
      "interestExpense": "1255000000",
      "nonInterestIncome": "None",
      "otherNonOperatingIncome": "23000000",
      "depreciation": "None",
      "depreciationAndAmortization": "4167000000",
      "incomeBeforeTax": "5658000000",
      "incomeTaxExpense": "1864000000",
      "interestAndDebtExpense": "None",
      "netIncomeFromContinuingOperations": "3794000000",
      "comprehensiveIncomeNetOfTax": "None",
      "ebit": "6890000000",
      "ebitda": "11057000000",
      "netIncome": "3695000000"
    },
    {
      "fiscalDateEnding": "2014-06-30",
      "reportedCurrency": "USD",
      "grossProfit": "19396000000",
      "totalRevenue": "31483000000",
      "costOfRevenue": "12087000000",
      "costofGoodsAndServicesSold": "12087000000",
      "operatingIncome": "7685000000",
      "sellingGeneralAndAdministrative": "7550000000",
      "researchAndDevelopment": "0",
      "operatingExpenses": "11711000000",
      "investmentIncomeNet": "None",
      "netInterestIncome": "None",
      "interestIncome": "None",
      "interestExpense": "1164000000",
      "nonInterestIncome": "None",
      "otherNonOperatingIncome": "23000000",
      "depreciation": "None",
      "depreciationAndAmortization": "4161000000",
      "incomeBeforeTax": "6544000000",
      "incomeTaxExpense": "2220000000",
      "interestAndDebtExpense": "None",
      "netIncomeFromContinuingOperations": "4324000000",
      "comprehensiveIncomeNetOfTax": "None",
      "ebit": "7685000000",
      "ebitda": "11846000000",
      "netIncome": "4214000000"
    },
    {
      "fiscalDateEnding": "2014-03-31",
      "reportedCurrency": "USD",
      "grossProfit": "19629000000",
      "totalRevenue": "30818000000",
      "costOfRevenue": "11189000000",
      "costofGoodsAndServicesSold": "11189000000",
      "operatingIncome": "7160000000",
      "sellingGeneralAndAdministrative": "8332000000",
      "researchAndDevelopment": "0",
      "operatingExpenses": "12469000000",
      "investmentIncomeNet": "None",
      "netInterestIncome": "None",
      "interestIncome": "None",
      "interestExpense": "1214000000",
      "nonInterestIncome": "None",
      "otherNonOperatingIncome": "1008000000",
      "depreciation": "None",
      "depreciationAndAmortization": "4137000000",
      "incomeBeforeTax": "6954000000",
      "incomeTaxExpense": "968000000",
      "interestAndDebtExpense": "None",
      "netIncomeFromContinuingOperations": "5986000000",
      "comprehensiveIncomeNetOfTax": "None",
      "ebit": "7160000000",
      "ebitda": "11297000000",
      "netIncome": "3947000000"
    },
    {
      "fiscalDateEnding": "2013-12-31",
      "reportedCurrency": "USD",
      "grossProfit": "19103000000",
      "totalRevenue": "31065000000",
      "costOfRevenue": "11962000000",
      "costofGoodsAndServicesSold": "11962000000",
      "operatingIncome": "12063000000",
      "sellingGeneralAndAdministrative": "419000000",
      "researchAndDevelopment": "0",
      "operatingExpenses": "7040000000",
      "investmentIncomeNet": "None",
      "netInterestIncome": "None",
      "interestIncome": "None",
      "interestExpense": "1061000000",
      "nonInterestIncome": "None",
      "otherNonOperatingIncome": "None",
      "depreciation": "None",
      "depreciationAndAmortization": "4183000000",
      "incomeBeforeTax": "10760000000",
      "incomeTaxExpense": "2844000000",
      "interestAndDebtExpense": "None",
      "netIncomeFromContinuingOperations": "0",
      "comprehensiveIncomeNetOfTax": "None",
      "ebit": "12063000000",
      "ebitda": "16246000000",
      "netIncome": "5067000000"
    },
    {
      "fiscalDateEnding": "2013-09-30",
      "reportedCurrency": "USD",
      "grossProfit": "19319000000",
      "totalRevenue": "30279000000",
      "costOfRevenue": "10960000000",
      "costofGoodsAndServicesSold": "10960000000",
      "operatingIncome": "7128000000",
      "sellingGeneralAndAdministrative": "8037000000",
      "researchAndDevelopment": "0",
      "operatingExpenses": "12191000000",
      "investmentIncomeNet": "None",
      "netInterestIncome": "None",
      "interestIncome": "None",
      "interestExpense": "555000000",
      "nonInterestIncome": "None",
      "otherNonOperatingIncome": "None",
      "depreciation": "None",
      "depreciationAndAmortization": "4154000000",
      "incomeBeforeTax": "6612000000",
      "incomeTaxExpense": "1034000000",
      "interestAndDebtExpense": "None",
      "netIncomeFromContinuingOperations": "0",
      "comprehensiveIncomeNetOfTax": "None",
      "ebit": "7128000000",
      "ebitda": "11282000000",
      "netIncome": "2232000000"
    },
    {
      "fiscalDateEnding": "2013-06-30",
      "reportedCurrency": "USD",
      "grossProfit": "18753000000",
      "totalRevenue": "29786000000",
      "costOfRevenue": "11033000000",
      "costofGoodsAndServicesSold": "11033000000",
      "operatingIncome": "6555000000",
      "sellingGeneralAndAdministrative": "8047000000",
      "researchAndDevelopment": "0",
      "operatingExpenses": "12198000000",
      "investmentIncomeNet": "None",
      "netInterestIncome": "None",
      "interestIncome": "None",
      "interestExpense": "514000000",
      "nonInterestIncome": "None",
      "otherNonOperatingIncome": "145000000",
      "depreciation": "None",
      "depreciationAndAmortization": "4151000000",
      "incomeBeforeTax": "6186000000",
      "incomeTaxExpense": "988000000",
      "interestAndDebtExpense": "None",
      "netIncomeFromContinuingOperations": "5198000000",
      "comprehensiveIncomeNetOfTax": "None",
      "ebit": "6700000000",
      "ebitda": "10851000000",
      "netIncome": "2246000000"
    },
    {
      "fiscalDateEnding": "2013-03-31",
      "reportedCurrency": "USD",
      "grossProfit": "18488000000",
      "totalRevenue": "29420000000",
      "costOfRevenue": "10932000000",
      "costofGoodsAndServicesSold": "10932000000",
      "operatingIncome": "6222000000",
      "sellingGeneralAndAdministrative": "8148000000",
      "researchAndDevelopment": "0",
      "operatingExpenses": "12266000000",
      "investmentIncomeNet": "None",
      "netInterestIncome": "None",
      "interestIncome": "None",
      "interestExpense": "537000000",
      "nonInterestIncome": "None",
      "otherNonOperatingIncome": "34000000",
      "depreciation": "None",
      "depreciationAndAmortization": "4118000000",
      "incomeBeforeTax": "5719000000",
      "incomeTaxExpense": "864000000",
      "interestAndDebtExpense": "None",
      "netIncomeFromContinuingOperations": "4855000000",
      "comprehensiveIncomeNetOfTax": "None",
      "ebit": "6256000000",
      "ebitda": "10374000000",
      "netIncome": "1952000000"
    },
    {
      "fiscalDateEnding": "2012-12-31",
      "reportedCurrency": "USD",
      "grossProfit": "16976000000",
      "totalRevenue": "30045000000",
      "costOfRevenue": "13069000000",
      "costofGoodsAndServicesSold": "13069000000",
      "operatingIncome": "-3169000000",
      "sellingGeneralAndAdministrative": "23943000000",
      "researchAndDevelopment": "0",
      "operatingExpenses": "20145000000",
      "investmentIncomeNet": "None",
      "netInterestIncome": "None",
      "interestIncome": "None",
      "interestExpense": "575000000",
      "nonInterestIncome": "None",
      "otherNonOperatingIncome": "None",
      "depreciation": "None",
      "depreciationAndAmortization": "4137000000",
      "incomeBeforeTax": "-4736000000",
      "incomeTaxExpense": "-2810000000",
      "interestAndDebtExpense": "None",
      "netIncomeFromContinuingOperations": "0",
      "comprehensiveIncomeNetOfTax": "None",
      "ebit": "-2385000000",
      "ebitda": "1752000000",
      "netIncome": "-4229000000"
    },
    {
      "fiscalDateEnding": "2012-09-30",
      "reportedCurrency": "USD",
      "grossProfit": "18016000000",
      "totalRevenue": "29007000000",
      "costOfRevenue": "10991000000",
      "costofGoodsAndServicesSold": "10991000000",
      "operatingIncome": "5483000000",
      "sellingGeneralAndAdministrative": "8366000000",
      "researchAndDevelopment": "0",
      "operatingExpenses": "12533000000",
      "investmentIncomeNet": "None",
      "netInterestIncome": "None",
      "interestIncome": "None",
      "interestExpense": "632000000",
      "nonInterestIncome": "None",
      "otherNonOperatingIncome": "None",
      "depreciation": "None",
      "depreciationAndAmortization": "4167000000",
      "incomeBeforeTax": "4923000000",
      "incomeTaxExpense": "631000000",
      "interestAndDebtExpense": "None",
      "netIncomeFromContinuingOperations": "0",
      "comprehensiveIncomeNetOfTax": "None",
      "ebit": "5555000000",
      "ebitda": "9722000000",
      "netIncome": "1593000000"
    },
    {
      "fiscalDateEnding": "2012-06-30",
      "reportedCurrency": "USD",
      "grossProfit": "17656000000",
      "totalRevenue": "28552000000",
      "costOfRevenue": "10896000000",
      "costofGoodsAndServicesSold": "10896000000",
      "operatingIncome": "5651000000",
      "sellingGeneralAndAdministrative": "7877000000",
      "researchAndDevelopment": "0",
      "operatingExpenses": "12005000000",
      "investmentIncomeNet": "None",
      "netInterestIncome": "None",
      "interestIncome": "None",
      "interestExpense": "679000000",
      "nonInterestIncome": "None",
      "otherNonOperatingIncome": "None",
      "depreciation": "None",
      "depreciationAndAmortization": "4128000000",
      "incomeBeforeTax": "5078000000",
      "incomeTaxExpense": "793000000",
      "interestAndDebtExpense": "None",
      "netIncomeFromContinuingOperations": "0",
      "comprehensiveIncomeNetOfTax": "None",
      "ebit": "5757000000",
      "ebitda": "9885000000",
      "netIncome": "1825000000"
    },
    {
      "fiscalDateEnding": "2012-03-31",
      "reportedCurrency": "USD",
      "grossProfit": "16923000000",
      "totalRevenue": "28242000000",
      "costOfRevenue": "11319000000",
      "costofGoodsAndServicesSold": "11319000000",
      "operatingIncome": "5195000000",
      "sellingGeneralAndAdministrative": "7700000000",
      "researchAndDevelopment": "0",
      "operatingExpenses": "11728000000",
      "investmentIncomeNet": "None",
      "netInterestIncome": "None",
      "interestIncome": "None",
      "interestExpense": "685000000",
      "nonInterestIncome": "None",
      "otherNonOperatingIncome": "None",
      "depreciation": "None",
      "depreciationAndAmortization": "4028000000",
      "incomeBeforeTax": "4632000000",
      "incomeTaxExpense": "726000000",
      "interestAndDebtExpense": "None",
      "netIncomeFromContinuingOperations": "0",
      "comprehensiveIncomeNetOfTax": "None",
      "ebit": "5317000000",
      "ebitda": "9345000000",
      "netIncome": "1686000000"
    },
    {
      "fiscalDateEnding": "2011-12-31",
      "reportedCurrency": "USD",
      "grossProfit": "16346000000",
      "totalRevenue": "28436000000",
      "costOfRevenue": "12090000000",
      "costofGoodsAndServicesSold": "12090000000",
      "operatingIncome": "-1112000000",
      "sellingGeneralAndAdministrative": "22346000000",
      "researchAndDevelopment": "0",
      "operatingExpenses": "17458000000",
      "investmentIncomeNet": "None",
      "netInterestIncome": "None",
      "interestIncome": "None",
      "interestExpense": "703000000",
      "nonInterestIncome": "None",
      "otherNonOperatingIncome": "None",
      "depreciation": "None",
      "depreciationAndAmortization": "4180000000",
      "incomeBeforeTax": "-1802000000",
      "incomeTaxExpense": "-1590000000",
      "interestAndDebtExpense": "None",
      "netIncomeFromContinuingOperations": "0",
      "comprehensiveIncomeNetOfTax": "None",
      "ebit": "-1099000000",
      "ebitda": "3081000000",
      "netIncome": "-2023000000"
    },
    {
      "fiscalDateEnding": "2011-09-30",
      "reportedCurrency": "USD",
      "grossProfit": "16515000000",
      "totalRevenue": "27913000000",
      "costOfRevenue": "11398000000",
      "costofGoodsAndServicesSold": "11398000000",
      "operatingIncome": "4647000000",
      "sellingGeneralAndAdministrative": "7689000000",
      "researchAndDevelopment": "0",
      "operatingExpenses": "11868000000",
      "investmentIncomeNet": "None",
      "netInterestIncome": "None",
      "interestIncome": "None",
      "interestExpense": "698000000",
      "nonInterestIncome": "None",
      "otherNonOperatingIncome": "125000000",
      "depreciation": "None",
      "depreciationAndAmortization": "4179000000",
      "incomeBeforeTax": "4098000000",
      "incomeTaxExpense": "556000000",
      "interestAndDebtExpense": "None",
      "netIncomeFromContinuingOperations": "4654000000",
      "comprehensiveIncomeNetOfTax": "None",
      "ebit": "4796000000",
      "ebitda": "8975000000",
      "netIncome": "1379000000"
    },
    {
      "fiscalDateEnding": "2011-06-30",
      "reportedCurrency": "USD",
      "grossProfit": "16378000000",
      "totalRevenue": "27536000000",
      "costOfRevenue": "11158000000",
      "costofGoodsAndServicesSold": "11158000000",
      "operatingIncome": "4892000000",
      "sellingGeneralAndAdministrative": "7373000000",
      "researchAndDevelopment": "0",
      "operatingExpenses": "11486000000",
      "investmentIncomeNet": "None",
      "netInterestIncome": "None",
      "interestIncome": "None",
      "interestExpense": "717000000",
      "nonInterestIncome": "None",
      "otherNonOperatingIncome": "121000000",
      "depreciation": "None",
      "depreciationAndAmortization": "4113000000",
      "incomeBeforeTax": "4306000000",
      "incomeTaxExpense": "702000000",
      "interestAndDebtExpense": "None",
      "netIncomeFromContinuingOperations": "5008000000",
      "comprehensiveIncomeNetOfTax": "None",
      "ebit": "5023000000",
      "ebitda": "9136000000",
      "netIncome": "1609000000"
    },
    {
      "fiscalDateEnding": "2011-03-31",
      "reportedCurrency": "USD",
      "grossProfit": "15761000000",
      "totalRevenue": "26990000000",
      "costOfRevenue": "11229000000",
      "costofGoodsAndServicesSold": "11229000000",
      "operatingIncome": "4453000000",
      "sellingGeneralAndAdministrative": "7284000000",
      "researchAndDevelopment": "0",
      "operatingExpenses": "11308000000",
      "investmentIncomeNet": "None",
      "netInterestIncome": "None",
      "interestIncome": "None",
      "interestExpense": "709000000",
      "nonInterestIncome": "None",
      "otherNonOperatingIncome": "101000000",
      "depreciation": "None",
      "depreciationAndAmortization": "4024000000",
      "incomeBeforeTax": "3881000000",
      "incomeTaxExpense": "617000000",
      "interestAndDebtExpense": "None",
      "netIncomeFromContinuingOperations": "4498000000",
      "comprehensiveIncomeNetOfTax": "None",
      "ebit": "4590000000",
      "ebitda": "8614000000",
      "netIncome": "1439000000"
    },
    {
      "fiscalDateEnding": "2010-12-31",
      "reportedCurrency": "USD",
      "grossProfit": "16452000000",
      "totalRevenue": "26395000000",
      "costOfRevenue": "9943000000",
      "costofGoodsAndServicesSold": "9943000000",
      "operatingIncome": "4508000000",
      "sellingGeneralAndAdministrative": "23508000000",
      "researchAndDevelopment": "0",
      "operatingExpenses": "11944000000",
      "investmentIncomeNet": "None",
      "netInterestIncome": "None",
      "interestIncome": "None",
      "interestExpense": "567000000",
      "nonInterestIncome": "None",
      "otherNonOperatingIncome": "None",
      "depreciation": "None",
      "depreciationAndAmortization": "4086000000",
      "incomeBeforeTax": "4096000000",
      "incomeTaxExpense": "1352000000",
      "interestAndDebtExpense": "None",
      "netIncomeFromContinuingOperations": "0",
      "comprehensiveIncomeNetOfTax": "None",
      "ebit": "4663000000",
      "ebitda": "8749000000",
      "netIncome": "2639000000"
    },
    {
      "fiscalDateEnding": "2010-09-30",
      "reportedCurrency": "USD",
      "grossProfit": "15813000000",
      "totalRevenue": "26484000000",
      "costOfRevenue": "10671000000",
      "costofGoodsAndServicesSold": "10671000000",
      "operatingIncome": "3383000000",
      "sellingGeneralAndAdministrative": "7465000000",
      "researchAndDevelopment": "0",
      "operatingExpenses": "12430000000",
      "investmentIncomeNet": "None",
      "netInterestIncome": "None",
      "interestIncome": "None",
      "interestExpense": "597000000",
      "nonInterestIncome": "None",
      "otherNonOperatingIncome": "None",
      "depreciation": "None",
      "depreciationAndAmortization": "4023000000",
      "incomeBeforeTax": "2876000000",
      "incomeTaxExpense": "321000000",
      "interestAndDebtExpense": "None",
      "netIncomeFromContinuingOperations": "0",
      "comprehensiveIncomeNetOfTax": "None",
      "ebit": "3473000000",
      "ebitda": "7496000000",
      "netIncome": "881000000"
    },
    {
      "fiscalDateEnding": "2010-06-30",
      "reportedCurrency": "USD",
      "grossProfit": "14557000000",
      "totalRevenue": "26773000000",
      "costOfRevenue": "12216000000",
      "costofGoodsAndServicesSold": "12216000000",
      "operatingIncome": "410000000",
      "sellingGeneralAndAdministrative": "8319000000",
      "researchAndDevelopment": "0",
      "operatingExpenses": "14147000000",
      "investmentIncomeNet": "None",
      "netInterestIncome": "None",
      "interestIncome": "None",
      "interestExpense": "679000000",
      "nonInterestIncome": "None",
      "otherNonOperatingIncome": "None",
      "depreciation": "None",
      "depreciationAndAmortization": "4177000000",
      "incomeBeforeTax": "-132000000",
      "incomeTaxExpense": "-49000000",
      "interestAndDebtExpense": "None",
      "netIncomeFromContinuingOperations": "0",
      "comprehensiveIncomeNetOfTax": "None",
      "ebit": "547000000",
      "ebitda": "4724000000",
      "netIncome": "1745000000"
    },
    {
      "fiscalDateEnding": "2010-03-31",
      "reportedCurrency": "USD",
      "grossProfit": "16261000000",
      "totalRevenue": "26913000000",
      "costOfRevenue": "10652000000",
      "costofGoodsAndServicesSold": "10652000000",
      "operatingIncome": "4441000000",
      "sellingGeneralAndAdministrative": "7724000000",
      "researchAndDevelopment": "0",
      "operatingExpenses": "11820000000",
      "investmentIncomeNet": "None",
      "netInterestIncome": "None",
      "interestIncome": "None",
      "interestExpense": "680000000",
      "nonInterestIncome": "None",
      "otherNonOperatingIncome": "None",
      "depreciation": "None",
      "depreciationAndAmortization": "4122000000",
      "incomeBeforeTax": "3940000000",
      "incomeTaxExpense": "1565000000",
      "interestAndDebtExpense": "None",
      "netIncomeFromContinuingOperations": "0",
      "comprehensiveIncomeNetOfTax": "None",
      "ebit": "4620000000",
      "ebitda": "8742000000",
      "netIncome": "443000000"
    },
    {
      "fiscalDateEnding": "2009-12-31",
      "reportedCurrency": "USD",
      "grossProfit": "14577000000",
      "totalRevenue": "27091000000",
      "costOfRevenue": "12514000000",
      "costofGoodsAndServicesSold": "12514000000",
      "operatingIncome": "929000000",
      "sellingGeneralAndAdministrative": "23543000000",
      "researchAndDevelopment": "0",
      "operatingExpenses": "13648000000",
      "investmentIncomeNet": "None",
      "netInterestIncome": "None",
      "interestIncome": "None",
      "interestExpense": "686000000",
      "nonInterestIncome": "None",
      "otherNonOperatingIncome": "None",
      "depreciation": "None",
      "depreciationAndAmortization": "4241000000",
      "incomeBeforeTax": "387000000",
      "incomeTaxExpense": "-714000000",
      "interestAndDebtExpense": "None",
      "netIncomeFromContinuingOperations": "0",
      "comprehensiveIncomeNetOfTax": "None",
      "ebit": "1073000000",
      "ebitda": "5314000000",
      "netIncome": "-653000000"
    },
    {
      "fiscalDateEnding": "2009-09-30",
      "reportedCurrency": "USD",
      "grossProfit": "16269000000",
      "totalRevenue": "27265000000",
      "costOfRevenue": "10996000000",
      "costofGoodsAndServicesSold": "10996000000",
      "operatingIncome": "3986000000",
      "sellingGeneralAndAdministrative": "8111000000",
      "researchAndDevelopment": "0",
      "operatingExpenses": "12283000000",
      "investmentIncomeNet": "None",
      "netInterestIncome": "None",
      "interestIncome": "None",
      "interestExpense": "704000000",
      "nonInterestIncome": "None",
      "otherNonOperatingIncome": "None",
      "depreciation": "None",
      "depreciationAndAmortization": "4172000000",
      "incomeBeforeTax": "3461000000",
      "incomeTaxExpense": "574000000",
      "interestAndDebtExpense": "None",
      "netIncomeFromContinuingOperations": "0",
      "comprehensiveIncomeNetOfTax": "None",
      "ebit": "4165000000",
      "ebitda": "8337000000",
      "netIncome": "1176000000"
    },
    {
      "fiscalDateEnding": "2009-06-30",
      "reportedCurrency": "USD",
      "grossProfit": "16380000000",
      "totalRevenue": "26861000000",
      "costOfRevenue": "10481000000",
      "costofGoodsAndServicesSold": "10481000000",
      "operatingIncome": "4418000000",
      "sellingGeneralAndAdministrative": "7871000000",
      "researchAndDevelopment": "0",
      "operatingExpenses": "11962000000",
      "investmentIncomeNet": "None",
      "netInterestIncome": "None",
      "interestIncome": "None",
      "interestExpense": "787000000",
      "nonInterestIncome": "None",
      "otherNonOperatingIncome": "None",
      "depreciation": "None",
      "depreciationAndAmortization": "4091000000",
      "incomeBeforeTax": "3770000000",
      "incomeTaxExpense": "610000000",
      "interestAndDebtExpense": "None",
      "netIncomeFromContinuingOperations": "0",
      "comprehensiveIncomeNetOfTax": "None",
      "ebit": "4557000000",
      "ebitda": "8648000000",
      "netIncome": "3160000000"
    },
    {
      "fiscalDateEnding": "2009-03-31",
      "reportedCurrency": "USD",
      "grossProfit": "16283000000",
      "totalRevenue": "26591000000",
      "costOfRevenue": "10308000000",
      "costofGoodsAndServicesSold": "10308000000",
      "operatingIncome": "4694000000",
      "sellingGeneralAndAdministrative": "7561000000",
      "researchAndDevelopment": "0",
      "operatingExpenses": "11589000000",
      "investmentIncomeNet": "None",
      "netInterestIncome": "None",
      "interestIncome": "None",
      "interestExpense": "925000000",
      "nonInterestIncome": "None",
      "otherNonOperatingIncome": "None",
      "depreciation": "None",
      "depreciationAndAmortization": "4028000000",
      "incomeBeforeTax": "3950000000",
      "incomeTaxExpense": "740000000",
      "interestAndDebtExpense": "None",
      "netIncomeFromContinuingOperations": "0",
      "comprehensiveIncomeNetOfTax": "None",
      "ebit": "4875000000",
      "ebitda": "8903000000",
      "netIncome": "1645000000"
    },
    {
      "fiscalDateEnding": "2008-12-31",
      "reportedCurrency": "USD",
      "grossProfit": "14669000000",
      "totalRevenue": "24645000000",
      "costOfRevenue": "9976000000",
      "costofGoodsAndServicesSold": "9976000000",
      "operatingIncome": "3832000000",
      "sellingGeneralAndAdministrative": "19808000000",
      "researchAndDevelopment": "0",
      "operatingExpenses": "10837000000",
      "investmentIncomeNet": "None",
      "netInterestIncome": "None",
      "interestIncome": "None",
      "interestExpense": "750000000",
      "nonInterestIncome": "None",
      "otherNonOperatingIncome": "None",
      "depreciation": "None",
      "depreciationAndAmortization": "3747000000",
      "incomeBeforeTax": "7945000000",
      "incomeTaxExpense": "555000000",
      "interestAndDebtExpense": "None",
      "netIncomeFromContinuingOperations": "0",
      "comprehensiveIncomeNetOfTax": "None",
      "ebit": "4681000000",
      "ebitda": "8428000000",
      "netIncome": "1235000000"
    },
    {
      "fiscalDateEnding": "2008-09-30",
      "reportedCurrency": "USD",
      "grossProfit": "14704000000",
      "totalRevenue": "24752000000",
      "costOfRevenue": "10048000000",
      "costofGoodsAndServicesSold": "10048000000",
      "operatingIncome": "4173000000",
      "sellingGeneralAndAdministrative": "6879000000",
      "researchAndDevelopment": "0",
      "operatingExpenses": "10531000000",
      "investmentIncomeNet": "None",
      "netInterestIncome": "None",
      "interestIncome": "None",
      "interestExpense": "440000000",
      "nonInterestIncome": "None",
      "otherNonOperatingIncome": "None",
      "depreciation": "None",
      "depreciationAndAmortization": "3652000000",
      "incomeBeforeTax": "4049000000",
      "incomeTaxExpense": "850000000",
      "interestAndDebtExpense": "None",
      "netIncomeFromContinuingOperations": "0",
      "comprehensiveIncomeNetOfTax": "None",
      "ebit": "4489000000",
      "ebitda": "8141000000",
      "netIncome": "1669000000"
    },
    {
      "fiscalDateEnding": "2008-06-30",
      "reportedCurrency": "USD",
      "grossProfit": "14658000000",
      "totalRevenue": "24124000000",
      "costOfRevenue": "9466000000",
      "costofGoodsAndServicesSold": "9466000000",
      "operatingIncome": "4546000000",
      "sellingGeneralAndAdministrative": "6528000000",
      "researchAndDevelopment": "0",
      "operatingExpenses": "10112000000",
      "investmentIncomeNet": "None",
      "netInterestIncome": "None",
      "interestIncome": "None",
      "interestExpense": "403000000",
      "nonInterestIncome": "None",
      "otherNonOperatingIncome": "None",
      "depreciation": "None",
      "depreciationAndAmortization": "3584000000",
      "incomeBeforeTax": "4385000000",
      "incomeTaxExpense": "981000000",
      "interestAndDebtExpense": "None",
      "netIncomeFromContinuingOperations": "0",
      "comprehensiveIncomeNetOfTax": "None",
      "ebit": "4788000000",
      "ebitda": "8372000000",
      "netIncome": "1882000000"
    },
    {
      "fiscalDateEnding": "2008-03-31",
      "reportedCurrency": "USD",
      "grossProfit": "14316000000",
      "totalRevenue": "23833000000",
      "costOfRevenue": "9517000000",
      "costofGoodsAndServicesSold": "9517000000",
      "operatingIncome": "4333000000",
      "sellingGeneralAndAdministrative": "6401000000",
      "researchAndDevelopment": "0",
      "operatingExpenses": "9983000000",
      "investmentIncomeNet": "None",
      "netInterestIncome": "None",
      "interestIncome": "None",
      "interestExpense": "459000000",
      "nonInterestIncome": "None",
      "otherNonOperatingIncome": "None",
      "depreciation": "None",
      "depreciationAndAmortization": "3582000000",
      "incomeBeforeTax": "3994000000",
      "incomeTaxExpense": "945000000",
      "interestAndDebtExpense": "None",
      "netIncomeFromContinuingOperations": "0",
      "comprehensiveIncomeNetOfTax": "None",
      "ebit": "4453000000",
      "ebitda": "8035000000",
      "netIncome": "1642000000"
    },
    {
      "fiscalDateEnding": "2007-12-31",
      "reportedCurrency": "USD",
      "grossProfit": "14044000000",
      "totalRevenue": "23840000000",
      "costOfRevenue": "9796000000",
      "costofGoodsAndServicesSold": "9796000000",
      "operatingIncome": "3423000000",
      "sellingGeneralAndAdministrative": "19012000000",
      "researchAndDevelopment": "0",
      "operatingExpenses": "10621000000",
      "investmentIncomeNet": "None",
      "netInterestIncome": "None",
      "interestIncome": "None",
      "interestExpense": "536000000",
      "nonInterestIncome": "None",
      "otherNonOperatingIncome": "None",
      "depreciation": "None",
      "depreciationAndAmortization": "3666000000",
      "incomeBeforeTax": "6884000000",
      "incomeTaxExpense": "759000000",
      "interestAndDebtExpense": "None",
      "netIncomeFromContinuingOperations": "0",
      "comprehensiveIncomeNetOfTax": "None",
      "ebit": "4219000000",
      "ebitda": "7885000000",
      "netIncome": "1072000000"
    },
    {
      "fiscalDateEnding": "2007-09-30",
      "reportedCurrency": "USD",
      "grossProfit": "14164000000",
      "totalRevenue": "23772000000",
      "costOfRevenue": "9608000000",
      "costofGoodsAndServicesSold": "9608000000",
      "operatingIncome": "4210000000",
      "sellingGeneralAndAdministrative": "6349000000",
      "researchAndDevelopment": "0",
      "operatingExpenses": "9954000000",
      "investmentIncomeNet": "None",
      "netInterestIncome": "None",
      "interestIncome": "None",
      "interestExpense": "572000000",
      "nonInterestIncome": "None",
      "otherNonOperatingIncome": "None",
      "depreciation": "None",
      "depreciationAndAmortization": "3605000000",
      "incomeBeforeTax": "2658000000",
      "incomeTaxExpense": "1387000000",
      "interestAndDebtExpense": "None",
      "netIncomeFromContinuingOperations": "0",
      "comprehensiveIncomeNetOfTax": "None",
      "ebit": "4210000000",
      "ebitda": "7815000000",
      "netIncome": "1271000000"
    },
    {
      "fiscalDateEnding": "2007-06-30",
      "reportedCurrency": "USD",
      "grossProfit": "14042000000",
      "totalRevenue": "23273000000",
      "costOfRevenue": "9231000000",
      "costofGoodsAndServicesSold": "9231000000",
      "operatingIncome": "4149000000",
      "sellingGeneralAndAdministrative": "6320000000",
      "researchAndDevelopment": "0",
      "operatingExpenses": "9893000000",
      "investmentIncomeNet": "None",
      "netInterestIncome": "None",
      "interestIncome": "None",
      "interestExpense": "455000000",
      "nonInterestIncome": "None",
      "otherNonOperatingIncome": "None",
      "depreciation": "None",
      "depreciationAndAmortization": "3573000000",
      "incomeBeforeTax": "2638000000",
      "incomeTaxExpense": "955000000",
      "interestAndDebtExpense": "None",
      "netIncomeFromContinuingOperations": "0",
      "comprehensiveIncomeNetOfTax": "None",
      "ebit": "4149000000",
      "ebitda": "7722000000",
      "netIncome": "728000000"
    },
    {
      "fiscalDateEnding": "2007-03-31",
      "reportedCurrency": "USD",
      "grossProfit": "13672000000",
      "totalRevenue": "22584000000",
      "costOfRevenue": "8912000000",
      "costofGoodsAndServicesSold": "8912000000",
      "operatingIncome": "3796000000",
      "sellingGeneralAndAdministrative": "6343000000",
      "researchAndDevelopment": "0",
      "operatingExpenses": "9876000000",
      "investmentIncomeNet": "None",
      "netInterestIncome": "None",
      "interestIncome": "None",
      "interestExpense": "485000000",
      "nonInterestIncome": "None",
      "otherNonOperatingIncome": "None",
      "depreciation": "None",
      "depreciationAndAmortization": "3533000000",
      "incomeBeforeTax": "2365000000",
      "incomeTaxExpense": "881000000",
      "interestAndDebtExpense": "None",
      "netIncomeFromContinuingOperations": "0",
      "comprehensiveIncomeNetOfTax": "None",
      "ebit": "3796000000",
      "ebitda": "7329000000",
      "netIncome": "1495000000"
    },
    {
      "fiscalDateEnding": "2006-12-31",
      "reportedCurrency": "USD",
      "grossProfit": "11509000000",
      "totalRevenue": "20154000000",
      "costOfRevenue": "8645000000",
      "costofGoodsAndServicesSold": "8645000000",
      "operatingIncome": "2266000000",
      "sellingGeneralAndAdministrative": "5645000000",
      "researchAndDevelopment": "0",
      "operatingExpenses": "9243000000",
      "investmentIncomeNet": "None",
      "netInterestIncome": "None",
      "interestIncome": "None",
      "interestExpense": "663000000",
      "nonInterestIncome": "None",
      "otherNonOperatingIncome": "None",
      "depreciation": "None",
      "depreciationAndAmortization": "3598000000",
      "incomeBeforeTax": "4945000000",
      "incomeTaxExpense": "253000000",
      "interestAndDebtExpense": "None",
      "netIncomeFromContinuingOperations": "0",
      "comprehensiveIncomeNetOfTax": "None",
      "ebit": "3434000000",
      "ebitda": "7032000000",
      "netIncome": "1032000000"
    },
    {
      "fiscalDateEnding": "2006-09-30",
      "reportedCurrency": "USD",
      "grossProfit": "13527000000",
      "totalRevenue": "22459000000",
      "costOfRevenue": "8932000000",
      "costofGoodsAndServicesSold": "8932000000",
      "operatingIncome": "3537000000",
      "sellingGeneralAndAdministrative": "6720000000",
      "researchAndDevelopment": "0",
      "operatingExpenses": "9990000000",
      "investmentIncomeNet": "None",
      "netInterestIncome": "None",
      "interestIncome": "None",
      "interestExpense": "572000000",
      "nonInterestIncome": "None",
      "otherNonOperatingIncome": "None",
      "depreciation": "None",
      "depreciationAndAmortization": "3628000000",
      "incomeBeforeTax": "2265000000",
      "incomeTaxExpense": "855000000",
      "interestAndDebtExpense": "None",
      "netIncomeFromContinuingOperations": "0",
      "comprehensiveIncomeNetOfTax": "None",
      "ebit": "3537000000",
      "ebitda": "7165000000",
      "netIncome": "1922000000"
    },
    {
      "fiscalDateEnding": "2006-06-30",
      "reportedCurrency": "USD",
      "grossProfit": "13177000000",
      "totalRevenue": "21886000000",
      "costOfRevenue": "8709000000",
      "costofGoodsAndServicesSold": "8709000000",
      "operatingIncome": "3217000000",
      "sellingGeneralAndAdministrative": "6679000000",
      "researchAndDevelopment": "0",
      "operatingExpenses": "9960000000",
      "investmentIncomeNet": "None",
      "netInterestIncome": "None",
      "interestIncome": "None",
      "interestExpense": "590000000",
      "nonInterestIncome": "None",
      "otherNonOperatingIncome": "None",
      "depreciation": "None",
      "depreciationAndAmortization": "3652000000",
      "incomeBeforeTax": "1872000000",
      "incomeTaxExpense": "754000000",
      "interestAndDebtExpense": "None",
      "netIncomeFromContinuingOperations": "0",
      "comprehensiveIncomeNetOfTax": "None",
      "ebit": "3217000000",
      "ebitda": "6869000000",
      "netIncome": "1611000000"
    },
    {
      "fiscalDateEnding": "2006-03-31",
      "reportedCurrency": "USD",
      "grossProfit": "12715000000",
      "totalRevenue": "21231000000",
      "costOfRevenue": "8516000000",
      "costofGoodsAndServicesSold": "8516000000",
      "operatingIncome": "3175000000",
      "sellingGeneralAndAdministrative": "6363000000",
      "researchAndDevelopment": "0",
      "operatingExpenses": "9540000000",
      "investmentIncomeNet": "None",
      "netInterestIncome": "None",
      "interestIncome": "None",
      "interestExpense": "649000000",
      "nonInterestIncome": "None",
      "otherNonOperatingIncome": "None",
      "depreciation": "None",
      "depreciationAndAmortization": "3667000000",
      "incomeBeforeTax": "1933000000",
      "incomeTaxExpense": "877000000",
      "interestAndDebtExpense": "None",
      "netIncomeFromContinuingOperations": "0",
      "comprehensiveIncomeNetOfTax": "None",
      "ebit": "3175000000",
      "ebitda": "6842000000",
      "netIncome": "1632000000"
    },
    {
      "fiscalDateEnding": "2005-12-31",
      "reportedCurrency": "USD",
      "grossProfit": "12774000000",
      "totalRevenue": "19326000000",
      "costOfRevenue": "6552000000",
      "costofGoodsAndServicesSold": "6552000000",
      "operatingIncome": "3707000000",
      "sellingGeneralAndAdministrative": "5494000000",
      "researchAndDevelopment": "0",
      "operatingExpenses": "9597000000",
      "investmentIncomeNet": "None",
      "netInterestIncome": "None",
      "interestIncome": "None",
      "interestExpense": "617000000",
      "nonInterestIncome": "None",
      "otherNonOperatingIncome": "None",
      "depreciation": "None",
      "depreciationAndAmortization": "3573000000",
      "incomeBeforeTax": "5415000000",
      "incomeTaxExpense": "712000000",
      "interestAndDebtExpense": "None",
      "netIncomeFromContinuingOperations": "0",
      "comprehensiveIncomeNetOfTax": "None",
      "ebit": "4725000000",
      "ebitda": "8298000000",
      "netIncome": "1658000000"
    },
    {
      "fiscalDateEnding": "2005-09-30",
      "reportedCurrency": "USD",
      "grossProfit": "12125000000",
      "totalRevenue": "18486000000",
      "costOfRevenue": "6361000000",
      "costofGoodsAndServicesSold": "6361000000",
      "operatingIncome": "3497000000",
      "sellingGeneralAndAdministrative": "5351000000",
      "researchAndDevelopment": "0",
      "operatingExpenses": "8628000000",
      "investmentIncomeNet": "None",
      "netInterestIncome": "None",
      "interestIncome": "None",
      "interestExpense": "539000000",
      "nonInterestIncome": "None",
      "otherNonOperatingIncome": "None",
      "depreciation": "None",
      "depreciationAndAmortization": "3688000000",
      "incomeBeforeTax": "2494000000",
      "incomeTaxExpense": "737000000",
      "interestAndDebtExpense": "None",
      "netIncomeFromContinuingOperations": "0",
      "comprehensiveIncomeNetOfTax": "None",
      "ebit": "3497000000",
      "ebitda": "7185000000",
      "netIncome": "1869000000"
    },
    {
      "fiscalDateEnding": "2005-06-30",
      "reportedCurrency": "USD",
      "grossProfit": "11976000000",
      "totalRevenue": "18053000000",
      "costOfRevenue": "6077000000",
      "costofGoodsAndServicesSold": "6077000000",
      "operatingIncome": "3986000000",
      "sellingGeneralAndAdministrative": "5253000000",
      "researchAndDevelopment": "0",
      "operatingExpenses": "8520000000",
      "investmentIncomeNet": "None",
      "netInterestIncome": "None",
      "interestIncome": "None",
      "interestExpense": "540000000",
      "nonInterestIncome": "None",
      "otherNonOperatingIncome": "None",
      "depreciation": "None",
      "depreciationAndAmortization": "3326000000",
      "incomeBeforeTax": "3002000000",
      "incomeTaxExpense": "982000000",
      "interestAndDebtExpense": "None",
      "netIncomeFromContinuingOperations": "0",
      "comprehensiveIncomeNetOfTax": "None",
      "ebit": "3540000000",
      "ebitda": "6866000000",
      "netIncome": "2113000000"
    },
    {
      "fiscalDateEnding": "2005-03-31",
      "reportedCurrency": "USD",
      "grossProfit": "12056000000",
      "totalRevenue": "18179000000",
      "costOfRevenue": "6123000000",
      "costofGoodsAndServicesSold": "6123000000",
      "operatingIncome": "3382000000",
      "sellingGeneralAndAdministrative": "5214000000",
      "researchAndDevelopment": "0",
      "operatingExpenses": "8674000000",
      "investmentIncomeNet": "None",
      "netInterestIncome": "None",
      "interestIncome": "None",
      "interestExpense": "561000000",
      "nonInterestIncome": "None",
      "otherNonOperatingIncome": "None",
      "depreciation": "None",
      "depreciationAndAmortization": "3460000000",
      "incomeBeforeTax": "2536000000",
      "incomeTaxExpense": "779000000",
      "interestAndDebtExpense": "None",
      "netIncomeFromContinuingOperations": "0",
      "comprehensiveIncomeNetOfTax": "None",
      "ebit": "3382000000",
      "ebitda": "6842000000",
      "netIncome": "1757000000"
    }
  ]
}