{
  "symbol": "WMT",
  "annualReports": [
    {
      "fiscalDateEnding": "2025-01-31",
      "reportedCurrency": "USD",
      "grossProfit": "169232000000",
      "totalRevenue": "680985000000",
      "costOfRevenue": "511753000000",
      "costofGoodsAndServicesSold": "511753000000",
      "operatingIncome": "29348000000",
      "sellingGeneralAndAdministrative": "139884000000",
      "researchAndDevelopment": "None",
      "operatingExpenses": "139884000000",
      "investmentIncomeNet": "None",
      "netInterestIncome": "-2245000000",
      "interestIncome": "483000000",
      "interestExpense": "2728000000",
      "nonInterestIncome": "None",
      "otherNonOperatingIncome": "None",
      "depreciation": "None",
      "depreciationAndAmortization": "311000000",
      "incomeBeforeTax": "26309000000",
      "incomeTaxExpense": "6152000000",
      "interestAndDebtExpense": "None",
      "netIncomeFromContinuingOperations": "20157000000",
      "comprehensiveIncomeNetOfTax": "None",
      "ebit": "29037000000",
      "ebitda": "29348000000",
      "netIncome": "19436000000"
    },
    {
      "fiscalDateEnding": "2024-01-31",
      "reportedCurrency": "USD",
      "grossProfit": "157983000000",
      "totalRevenue": "648125000000",
      "costOfRevenue": "490142000000",
      "costofGoodsAndServicesSold": "490142000000",
      "operatingIncome": "27012000000",
      "sellingGeneralAndAdministrative": "126571000000",
      "researchAndDevelopment": "None",
      "operatingExpenses": "130971000000",
      "investmentIncomeNet": "None",
      "netInterestIncome": "-2137000000",
      "interestIncome": "546000000",
      "interestExpense": "2683000000",
      "nonInterestIncome": "None",
      "otherNonOperatingIncome": "None",
      "depreciation": "None",
      "depreciationAndAmortization": "11853000000",
      "incomeBeforeTax": "21848000000",
      "incomeTaxExpense": "5578000000",
      "interestAndDebtExpense": "None",
      "netIncomeFromContinuingOperations": "16270000000",
      "comprehensiveIncomeNetOfTax": "None",
      "ebit": "27012000000",
      "ebitda": "38865000000",
      "netIncome": "15511000000"
    },
    {
      "fiscalDateEnding": "2023-01-31",
      "reportedCurrency": "USD",
      "grossProfit": "147568000000",
      "totalRevenue": "611289000000",
      "costOfRevenue": "463721000000",
      "costofGoodsAndServicesSold": "463721000000",
      "operatingIncome": "20428000000",
      "sellingGeneralAndAdministrative": "123040000000",
      "researchAndDevelopment": "None",
      "operatingExpenses": "127140000000",
      "investmentIncomeNet": "None",
      "netInterestIncome": "-1874000000",
      "interestIncome": "1874000000",
      "interestExpense": "2128000000",
      "nonInterestIncome": "None",
      "otherNonOperatingIncome": "-1538000000",
      "depreciation": "None",
      "depreciationAndAmortization": "10945000000",
      "incomeBeforeTax": "17016000000",
      "incomeTaxExpense": "5724000000",
      "interestAndDebtExpense": "None",
      "netIncomeFromContinuingOperations": "11292000000",
      "comprehensiveIncomeNetOfTax": "None",
      "ebit": "19144000000",
      "ebitda": "30089000000",
      "netIncome": "11680000000"
    },
    {
      "fiscalDateEnding": "2022-01-31",
      "reportedCurrency": "USD",
      "grossProfit": "143754000000",
      "totalRevenue": "572754000000",
      "costOfRevenue": "429000000000",
      "costofGoodsAndServicesSold": "429000000000",
      "operatingIncome": "25942000000",
      "sellingGeneralAndAdministrative": "113912000000",
      "researchAndDevelopment": "None",
      "operatingExpenses": "117812000000",
      "investmentIncomeNet": "None",
      "netInterestIncome": "-1836000000",
      "interestIncome": "1836000000",
      "interestExpense": "1994000000",
      "nonInterestIncome": "None",
      "otherNonOperatingIncome": "-5410000000",
      "depreciation": "None",
      "depreciationAndAmortization": "10658000000",
      "incomeBeforeTax": "18696000000",
      "incomeTaxExpense": "4756000000",
      "interestAndDebtExpense": "None",
      "netIncomeFromContinuingOperations": "13940000000",
      "comprehensiveIncomeNetOfTax": "None",
      "ebit": "25942000000",
      "ebitda": "36600000000",
      "netIncome": "13673000000"
    },
    {
      "fiscalDateEnding": "2021-01-31",
      "reportedCurrency": "USD",
      "grossProfit": "138836000000",
      "totalRevenue": "559151000000",
      "costOfRevenue": "420315000000",
      "costofGoodsAndServicesSold": "420315000000",
      "operatingIncome": "22548000000",
      "sellingGeneralAndAdministrative": "113088000000",
      "researchAndDevelopment": "None",
      "operatingExpenses": "116288000000",
      "investmentIncomeNet": "None",
      "netInterestIncome": "-2194000000",
      "interestIncome": "121000000",
      "interestExpense": "2315000000",
      "nonInterestIncome": "None",
      "otherNonOperatingIncome": "210000000",
      "depreciation": "None",
      "depreciationAndAmortization": "11152000000",
      "incomeBeforeTax": "20564000000",
      "incomeTaxExpense": "6858000000",
      "interestAndDebtExpense": "None",
      "netIncomeFromContinuingOperations": "13706000000",
      "comprehensiveIncomeNetOfTax": "None",
      "ebit": "22879000000",
      "ebitda": "34031000000",
      "netIncome": "13510000000"
    },
    {
      "fiscalDateEnding": "2020-01-31",
      "reportedCurrency": "USD",
      "grossProfit": "129359000000",
      "totalRevenue": "523964000000",
      "costOfRevenue": "394605000000",
      "costofGoodsAndServicesSold": "394605000000",
      "operatingIncome": "20568000000",
      "sellingGeneralAndAdministrative": "105091000000",
      "researchAndDevelopment": "None",
      "operatingExpenses": "108791000000",
      "investmentIncomeNet": "None",
      "netInterestIncome": "-2410000000",
      "interestIncome": "189000000",
      "interestExpense": "2599000000",
      "nonInterestIncome": "None",
      "otherNonOperatingIncome": "1958000000",
      "depreciation": "None",
      "depreciationAndAmortization": "10987000000",
      "incomeBeforeTax": "20116000000",
      "incomeTaxExpense": "4915000000",
      "interestAndDebtExpense": "None",
      "netIncomeFromContinuingOperations": "15201000000",
      "comprehensiveIncomeNetOfTax": "None",
      "ebit": "22715000000",
      "ebitda": "33702000000",
      "netIncome": "14881000000"
    },
    {
      "fiscalDateEnding": "2019-01-31",
      "reportedCurrency": "USD",
      "grossProfit": "129104000000",
      "totalRevenue": "514405000000",
      "costOfRevenue": "385301000000",
      "costofGoodsAndServicesSold": "385301000000",
      "operatingIncome": "21957000000",
      "sellingGeneralAndAdministrative": "103647000000",
      "researchAndDevelopment": "0",
      "operatingExpenses": "107147000000",
      "investmentIncomeNet": "None",
      "netInterestIncome": "-2129000000",
      "interestIncome": "217000000",
      "interestExpense": "2346000000",
      "nonInterestIncome": "None",
      "otherNonOperatingIncome": "-8368000000",
      "depreciation": "None",
      "depreciationAndAmortization": "10678000000",
      "incomeBeforeTax": "11460000000",
      "incomeTaxExpense": "4281000000",
      "interestAndDebtExpense": "None",
      "netIncomeFromContinuingOperations": "7179000000",
      "comprehensiveIncomeNetOfTax": "None",
      "ebit": "21957000000",
      "ebitda": "32635000000",
      "netIncome": "6670000000"
    },
    {
      "fiscalDateEnding": "2018-01-31",
      "reportedCurrency": "USD",
      "grossProfit": "126947000000",
      "totalRevenue": "500343000000",
      "costOfRevenue": "373396000000",
      "costofGoodsAndServicesSold": "373396000000",
      "operatingIncome": "20437000000",
      "sellingGeneralAndAdministrative": "103410000000",
      "researchAndDevelopment": "0",
      "operatingExpenses": "106510000000",
      "investmentIncomeNet": "None",
      "netInterestIncome": "-2178000000",
      "interestIncome": "152000000",
      "interestExpense": "2330000000",
      "nonInterestIncome": "None",
      "otherNonOperatingIncome": "-3136000000",
      "depreciation": "None",
      "depreciationAndAmortization": "10529000000",
      "incomeBeforeTax": "15123000000",
      "incomeTaxExpense": "4600000000",
      "interestAndDebtExpense": "None",
      "netIncomeFromContinuingOperations": "10523000000",
      "comprehensiveIncomeNetOfTax": "None",
      "ebit": "20937000000",
      "ebitda": "31466000000",
      "netIncome": "9862000000"
    },
    {
      "fiscalDateEnding": "2017-01-31",
      "reportedCurrency": "USD",
      "grossProfit": "124617000000",
      "totalRevenue": "485873000000",
      "costOfRevenue": "361256000000",
      "costofGoodsAndServicesSold": "361256000000",
      "operatingIncome": "22764000000",
      "sellingGeneralAndAdministrative": "98953000000",
      "researchAndDevelopment": "0",
      "operatingExpenses": "101853000000",
      "investmentIncomeNet": "None",
      "netInterestIncome": "-2267000000",
      "interestIncome": "100000000",
      "interestExpense": "2367000000",
      "nonInterestIncome": "None",
      "otherNonOperatingIncome": "None",
      "depreciation": "None",
      "depreciationAndAmortization": "10080000000",
      "incomeBeforeTax": "20497000000",
      "incomeTaxExpense": "6204000000",
      "interestAndDebtExpense": "None",
      "netIncomeFromContinuingOperations": "14293000000",
      "comprehensiveIncomeNetOfTax": "None",
      "ebit": "22764000000",
      "ebitda": "32844000000",
      "netIncome": "13643000000"
    },
    {
      "fiscalDateEnding": "2016-01-31",
      "reportedCurrency": "USD",
      "grossProfit": "121146000000",
      "totalRevenue": "482130000000",
      "costOfRevenue": "360984000000",
      "costofGoodsAndServicesSold": "360984000000",
      "operatingIncome": "24105000000",
      "sellingGeneralAndAdministrative": "94541000000",
      "researchAndDevelopment": "0",
      "operatingExpenses": "97041000000",
      "investmentIncomeNet": "None",
      "netInterestIncome": "None",
      "interestIncome": "2467000000",
      "interestExpense": "2548000000",
      "nonInterestIncome": "None",
      "otherNonOperatingIncome": "None",
      "depreciation": "None",
      "depreciationAndAmortization": "9454000000",
      "incomeBeforeTax": "21638000000",
      "incomeTaxExpense": "6558000000",
      "interestAndDebtExpense": "None",
      "netIncomeFromContinuingOperations": "15080000000",
      "comprehensiveIncomeNetOfTax": "None",
      "ebit": "24105000000",
      "ebitda": "33559000000",
      "netIncome": "14694000000"
    },
    {
      "fiscalDateEnding": "2015-01-31",
      "reportedCurrency": "USD",
      "grossProfit": "120565000000",
      "totalRevenue": "485651000000",
      "costOfRevenue": "365086000000",
      "costofGoodsAndServicesSold": "365086000000",
      "operatingIncome": "27147000000",
      "sellingGeneralAndAdministrative": "91018000000",
      "researchAndDevelopment": "0",
      "operatingExpenses": "93418000000",
      "investmentIncomeNet": "None",
      "netInterestIncome": "None",
      "interestIncome": "None",
      "interestExpense": "2461000000",
      "nonInterestIncome": "None",
      "otherNonOperatingIncome": "None",
      "depreciation": "None",
      "depreciationAndAmortization": "9173000000",
      "incomeBeforeTax": "24799000000",
      "incomeTaxExpense": "7985000000",
      "interestAndDebtExpense": "None",
      "netIncomeFromContinuingOperations": "16814000000",
      "comprehensiveIncomeNetOfTax": "None",
      "ebit": "27147000000",
      "ebitda": "36320000000",
      "netIncome": "16363000000"
    },
    {
      "fiscalDateEnding": "2014-01-31",
      "reportedCurrency": "USD",
      "grossProfit": "118225000000",
      "totalRevenue": "476294000000",
      "costOfRevenue": "358069000000",
      "costofGoodsAndServicesSold": "358069000000",
      "operatingIncome": "26872000000",
      "sellingGeneralAndAdministrative": "88953000000",
      "researchAndDevelopment": "0",
      "operatingExpenses": "91353000000",
      "investmentIncomeNet": "None",
      "netInterestIncome": "None",
      "interestIncome": "None",
      "interestExpense": "2335000000",
      "nonInterestIncome": "None",
      "otherNonOperatingIncome": "None",
      "depreciation": "None",
      "depreciationAndAmortization": "8870000000",
      "incomeBeforeTax": "24656000000",
      "incomeTaxExpense": "8105000000",
      "interestAndDebtExpense": "None",
      "netIncomeFromContinuingOperations": "16551000000",
      "comprehensiveIncomeNetOfTax": "None",
      "ebit": "26872000000",
      "ebitda": "35742000000",
      "netIncome": "16022000000"
    },
    {
      "fiscalDateEnding": "2013-01-31",
      "reportedCurrency": "USD",
      "grossProfit": "116674000000",
      "totalRevenue": "469162000000",
      "costOfRevenue": "352488000000",
      "costofGoodsAndServicesSold": "352488000000",
      "operatingIncome": "27801000000",
      "sellingGeneralAndAdministrative": "86573000000",
      "researchAndDevelopment": "0",
      "operatingExpenses": "88873000000",
      "investmentIncomeNet": "None",
      "netInterestIncome": "None",
      "interestIncome": "None",
      "interestExpense": "2251000000",
      "nonInterestIncome": "None",
      "otherNonOperatingIncome": "None",
      "depreciation": "None",
      "depreciationAndAmortization": "8501000000",
      "incomeBeforeTax": "25737000000",
      "incomeTaxExpense": "7981000000",
      "interestAndDebtExpense": "None",
      "netIncomeFromContinuingOperations": "17756000000",
      "comprehensiveIncomeNetOfTax": "None",
      "ebit": "27988000000",
      "ebitda": "36489000000",
      "netIncome": "16999000000"
    },
    {
      "fiscalDateEnding": "2012-01-31",
      "reportedCurrency": "USD",
      "grossProfit": "111823000000",
      "totalRevenue": "446950000000",
      "costOfRevenue": "335127000000",
      "costofGoodsAndServicesSold": "335127000000",
      "operatingIncome": "26558000000",
      "sellingGeneralAndAdministrative": "85265000000",
      "researchAndDevelopment": "0",
      "operatingExpenses": "85265000000",
      "investmentIncomeNet": "None",
      "netInterestIncome": "None",
      "interestIncome": "None",
      "interestExpense": "2322000000",
      "nonInterestIncome": "None",
      "otherNonOperatingIncome": "None",
      "depreciation": "None",
      "depreciationAndAmortization": "8130000000",
      "incomeBeforeTax": "24398000000",
      "incomeTaxExpense": "7944000000",
      "interestAndDebtExpense": "None",
      "netIncomeFromContinuingOperations": "16454000000",
      "comprehensiveIncomeNetOfTax": "None",
      "ebit": "26720000000",
      "ebitda": "34850000000",
      "netIncome": "15699000000"
    },
    {
      "fiscalDateEnding": "2011-01-31",
      "reportedCurrency": "USD",
      "grossProfit": "106562000000",
      "totalRevenue": "421849000000",
      "costOfRevenue": "315287000000",
      "costofGoodsAndServicesSold": "315287000000",
      "operatingIncome": "25542000000",
      "sellingGeneralAndAdministrative": "81020000000",
      "researchAndDevelopment": "0",
      "operatingExpenses": "81020000000",
      "investmentIncomeNet": "None",
      "netInterestIncome": "None",
      "interestIncome": "None",
      "interestExpense": "2205000000",
      "nonInterestIncome": "None",
      "otherNonOperatingIncome": "None",
      "depreciation": "None",
      "depreciationAndAmortization": "7641000000",
      "incomeBeforeTax": "23538000000",
      "incomeTaxExpense": "7579000000",
      "interestAndDebtExpense": "None",
      "netIncomeFromContinuingOperations": "15959000000",
      "comprehensiveIncomeNetOfTax": "None",
      "ebit": "25743000000",
      "ebitda": "33384000000",
      "netIncome": "16389000000"
    },
    {
      "fiscalDateEnding": "2010-01-31",
      "reportedCurrency": "USD",
      "grossProfit": "103557000000",
      "totalRevenue": "408214000000",
      "costOfRevenue": "304657000000",
      "costofGoodsAndServicesSold": "304657000000",
      "operatingIncome": "23950000000",
      "sellingGeneralAndAdministrative": "79607000000",
      "researchAndDevelopment": "0",
      "operatingExpenses": "79607000000",
      "investmentIncomeNet": "None",
      "netInterestIncome": "None",
      "interestIncome": "None",
      "interestExpense": "2065000000",
      "nonInterestIncome": "None",
      "otherNonOperatingIncome": "None",
      "depreciation": "None",
      "depreciationAndAmortization": "7157000000",
      "incomeBeforeTax": "22066000000",
      "incomeTaxExpense": "7139000000",
      "interestAndDebtExpense": "None",
      "netIncomeFromContinuingOperations": "14927000000",
      "comprehensiveIncomeNetOfTax": "None",
      "ebit": "24131000000",
      "ebitda": "31288000000",
      "netIncome": "14335000000"
    },
    {
      "fiscalDateEnding": "2009-01-31",
      "reportedCurrency": "USD",
      "grossProfit": "99449000000",
      "totalRevenue": "405607000000",
      "costOfRevenue": "306158000000",
      "costofGoodsAndServicesSold": "306158000000",
      "operatingIncome": "22798000000",
      "sellingGeneralAndAdministrative": "76651000000",
      "researchAndDevelopment": "None",
      "operatingExpenses": "76651000000",
      "investmentIncomeNet": "None",
      "netInterestIncome": "None",
      "interestIncome": "None",
      "interestExpense": "2184000000",
      "nonInterestIncome": "None",
      "otherNonOperatingIncome": "None",
      "depreciation": "None",
      "depreciationAndAmortization": "6739000000",
      "incomeBeforeTax": "20898000000",
      "incomeTaxExpense": "7145000000",
      "interestAndDebtExpense": "None",
      "netIncomeFromContinuingOperations": "None",
      "comprehensiveIncomeNetOfTax": "None",
      "ebit": "23082000000",
      "ebitda": "29821000000",
      "netIncome": "13400000000"
    },
    {
      "fiscalDateEnding": "2008-01-31",
      "reportedCurrency": "USD",
      "grossProfit": "92284000000",
      "totalRevenue": "378799000000",
      "costOfRevenue": "286515000000",
      "costofGoodsAndServicesSold": "286515000000",
      "operatingIncome": "21996000000",
      "sellingGeneralAndAdministrative": "70288000000",
      "researchAndDevelopment": "None",
      "operatingExpenses": "70288000000",
      "investmentIncomeNet": "None",
      "netInterestIncome": "None",
      "interestIncome": "None",
      "interestExpense": "2103000000",
      "nonInterestIncome": "None",
      "otherNonOperatingIncome": "None",
      "depreciation": "None",
      "depreciationAndAmortization": "6317000000",
      "incomeBeforeTax": "20198000000",
      "incomeTaxExpense": "6908000000",
      "interestAndDebtExpense": "None",
      "netIncomeFromContinuingOperations": "None",
      "comprehensiveIncomeNetOfTax": "None",
      "ebit": "22261000000",
      "ebitda": "28578000000",
      "netIncome": "12731000000"
    },
    {
      "fiscalDateEnding": "2007-01-31",
      "reportedCurrency": "USD",
      "grossProfit": "84498000000",
      "totalRevenue": "348650000000",
      "costOfRevenue": "264152000000",
      "costofGoodsAndServicesSold": "264152000000",
      "operatingIncome": "20497000000",
      "sellingGeneralAndAdministrative": "64001000000",
      "researchAndDevelopment": "None",
      "operatingExpenses": "64001000000",
      "investmentIncomeNet": "None",
      "netInterestIncome": "None",
      "interestIncome": "None",
      "interestExpense": "1809000000",
      "nonInterestIncome": "None",
      "otherNonOperatingIncome": "None",
      "depreciation": "None",
      "depreciationAndAmortization": "5459000000",
      "incomeBeforeTax": "18968000000",
      "incomeTaxExpense": "6365000000",
      "interestAndDebtExpense": "None",
      "netIncomeFromContinuingOperations": "None",
      "comprehensiveIncomeNetOfTax": "None",
      "ebit": "20777000000",
      "ebitda": "26236000000",
      "netIncome": "11284000000"
    },
    {
      "fiscalDateEnding": "2006-01-31",
      "reportedCurrency": "USD",
      "grossProfit": "75263000000",
      "totalRevenue": "315654000000",
      "costOfRevenue": "240391000000",
      "costofGoodsAndServicesSold": "240391000000",
      "operatingIncome": "18530000000",
      "sellingGeneralAndAdministrative": "56733000000",
      "researchAndDevelopment": "None",
      "operatingExpenses": "56733000000",
      "investmentIncomeNet": "None",
      "netInterestIncome": "None",
      "interestIncome": "None",
      "interestExpense": "1420000000",
      "nonInterestIncome": "None",
      "otherNonOperatingIncome": "None",
      "depreciation": "None",
      "depreciationAndAmortization": "4717000000",
      "incomeBeforeTax": "17358000000",
      "incomeTaxExpense": "5803000000",
      "interestAndDebtExpense": "None",
      "netIncomeFromContinuingOperations": "None",
      "comprehensiveIncomeNetOfTax": "None",
      "ebit": "18883000000",
      "ebitda": "23600000000",
      "netIncome": "11231000000"
    }
  ],
  "quarterlyReports": [
    {
      "fiscalDateEnding": "2025-01-31",
      "reportedCurrency": "USD",
      "grossProfit": "44382000000",
      "totalRevenue": "180554000000",
      "costOfRevenue": "136172000000",
      "costofGoodsAndServicesSold": "136172000000",
      "operatingIncome": "7859000000",
      "sellingGeneralAndAdministrative": "36523000000",
      "researchAndDevelopment": "None",
      "operatingExpenses": "36523000000",
      "investmentIncomeNet": "None",
      "netInterestIncome": "-602000000",
      "interestIncome": "115000000",
      "interestExpense": "717000000",
      "nonInterestIncome": "None",
      "otherNonOperatingIncome": "None",
      "depreciation": "None",
      "depreciationAndAmortization": "3374000000",
      "incomeBeforeTax": "6963000000",
      "incomeTaxExpense": "1538000000",
      "interestAndDebtExpense": "None",
      "netIncomeFromContinuingOperations": "5425000000",
      "comprehensiveIncomeNetOfTax": "None",
      "ebit": "7680000000",
      "ebitda": "11054000000",
      "netIncome": "5254000000"
    },
    {
      "fiscalDateEnding": "2024-10-31",
      "reportedCurrency": "USD",
      "grossProfit": "42248000000",
      "totalRevenue": "169588000000",
      "costOfRevenue": "127340000000",
      "costofGoodsAndServicesSold": "127340000000",
      "operatingIncome": "6708000000",
      "sellingGeneralAndAdministrative": "35540000000",
      "researchAndDevelopment": "None",
      "operatingExpenses": "35540000000",
      "investmentIncomeNet": "None",
      "netInterestIncome": "-478000000",
      "interestIncome": "140000000",
      "interestExpense": "478000000",
      "nonInterestIncome": "None",
      "otherNonOperatingIncome": "None",
      "depreciation": "None",
      "depreciationAndAmortization": "3260000000",
      "incomeBeforeTax": "6098000000",
      "incomeTaxExpense": "1384000000",
      "interestAndDebtExpense": "None",
      "netIncomeFromContinuingOperations": "4714000000",
      "comprehensiveIncomeNetOfTax": "None",
      "ebit": "3448000000",
      "ebitda": "6708000000",
      "netIncome": "4577000000"
    },
    {
      "fiscalDateEnding": "2024-07-31",
      "reportedCurrency": "USD",
      "grossProfit": "42525000000",
      "totalRevenue": "169335000000",
      "costOfRevenue": "126810000000",
      "costofGoodsAndServicesSold": "126810000000",
      "operatingIncome": "7940000000",
      "sellingGeneralAndAdministrative": "34585000000",
      "researchAndDevelopment": "None",
      "operatingExpenses": "34585000000",
      "investmentIncomeNet": "None",
      "netInterestIncome": "-565000000",
      "interestIncome": "114000000",
      "interestExpense": "679000000",
      "nonInterestIncome": "None",
      "otherNonOperatingIncome": "None",
      "depreciation": "None",
      "depreciationAndAmortization": "3211000000",
      "incomeBeforeTax": "6213000000",
      "incomeTaxExpense": "1502000000",
      "interestAndDebtExpense": "None",
      "netIncomeFromContinuingOperations": "4711000000",
      "comprehensiveIncomeNetOfTax": "None",
      "ebit": "7940000000",
      "ebitda": "11151000000",
      "netIncome": "4501000000"
    },
    {
      "fiscalDateEnding": "2024-04-30",
      "reportedCurrency": "USD",
      "grossProfit": "40077000000",
      "totalRevenue": "161508000000",
      "costOfRevenue": "121431000000",
      "costofGoodsAndServicesSold": "121431000000",
      "operatingIncome": "6841000000",
      "sellingGeneralAndAdministrative": "33236000000",
      "researchAndDevelopment": "None",
      "operatingExpenses": "33236000000",
      "investmentIncomeNet": "None",
      "netInterestIncome": "-600000000",
      "interestIncome": "114000000",
      "interestExpense": "714000000",
      "nonInterestIncome": "None",
      "otherNonOperatingIncome": "None",
      "depreciation": "None",
      "depreciationAndAmortization": "3128000000",
      "incomeBeforeTax": "7035000000",
      "incomeTaxExpense": "1728000000",
      "interestAndDebtExpense": "None",
      "netIncomeFromContinuingOperations": "5307000000",
      "comprehensiveIncomeNetOfTax": "None",
      "ebit": "6841000000",
      "ebitda": "9969000000",
      "netIncome": "5104000000"
    },
    {
      "fiscalDateEnding": "2024-01-31",
      "reportedCurrency": "USD",
      "grossProfit": "41563000000",
      "totalRevenue": "173388000000",
      "costOfRevenue": "131825000000",
      "costofGoodsAndServicesSold": "131825000000",
      "operatingIncome": "7254000000",
      "sellingGeneralAndAdministrative": "29909000000",
      "researchAndDevelopment": "None",
      "operatingExpenses": "34309000000",
      "investmentIncomeNet": "None",
      "netInterestIncome": "-549000000",
      "interestIncome": "146000000",
      "interestExpense": "695000000",
      "nonInterestIncome": "None",
      "otherNonOperatingIncome": "None",
      "depreciation": "None",
      "depreciationAndAmortization": "3117000000",
      "incomeBeforeTax": "7518000000",
      "incomeTaxExpense": "1840000000",
      "interestAndDebtExpense": "None",
      "netIncomeFromContinuingOperations": "5678000000",
      "comprehensiveIncomeNetOfTax": "None",
      "ebit": "7254000000",
      "ebitda": "10371000000",
      "netIncome": "5494000000"
    },
    {
      "fiscalDateEnding": "2023-10-31",
      "reportedCurrency": "USD",
      "grossProfit": "39621000000",
      "totalRevenue": "160804000000",
      "costOfRevenue": "121183000000",
      "costofGoodsAndServicesSold": "121183000000",
      "operatingIncome": "6202000000",
      "sellingGeneralAndAdministrative": "33419000000",
      "researchAndDevelopment": "None",
      "operatingExpenses": "33419000000",
      "investmentIncomeNet": "None",
      "netInterestIncome": "-537000000",
      "interestIncome": "145000000",
      "interestExpense": "682000000",
      "nonInterestIncome": "None",
      "otherNonOperatingIncome": "None",
      "depreciation": "None",
      "depreciationAndAmortization": "2986000000",
      "incomeBeforeTax": "915000000",
      "incomeTaxExpense": "272000000",
      "interestAndDebtExpense": "None",
      "netIncomeFromContinuingOperations": "643000000",
      "comprehensiveIncomeNetOfTax": "None",
      "ebit": "1597000000",
      "ebitda": "4583000000",
      "netIncome": "453000000"
    },
    {
      "fiscalDateEnding": "2023-07-31",
      "reportedCurrency": "USD",
      "grossProfit": "39782000000",
      "totalRevenue": "161632000000",
      "costOfRevenue": "121850000000",
      "costofGoodsAndServicesSold": "121850000000",
      "operatingIncome": "7316000000",
      "sellingGeneralAndAdministrative": "32466000000",
      "researchAndDevelopment": "None",
      "operatingExpenses": "32466000000",
      "investmentIncomeNet": "None",
      "netInterestIncome": "-494000000",
      "interestIncome": "494000000",
      "interestExpense": "642000000",
      "nonInterestIncome": "None",
      "otherNonOperatingIncome": "3905000000",
      "depreciation": "None",
      "depreciationAndAmortization": "2905000000",
      "incomeBeforeTax": "10727000000",
      "incomeTaxExpense": "2674000000",
      "interestAndDebtExpense": "None",
      "netIncomeFromContinuingOperations": "8053000000",
      "comprehensiveIncomeNetOfTax": "None",
      "ebit": "11369000000",
      "ebitda": "14274000000",
      "netIncome": "7891000000"
    },
    {
      "fiscalDateEnding": "2023-04-30",
      "reportedCurrency": "USD",
      "grossProfit": "37017000000",
      "totalRevenue": "152301000000",
      "costOfRevenue": "115284000000",
      "costofGoodsAndServicesSold": "115284000000",
      "operatingIncome": "6240000000",
      "sellingGeneralAndAdministrative": "30777000000",
      "researchAndDevelopment": "None",
      "operatingExpenses": "30777000000",
      "investmentIncomeNet": "None",
      "netInterestIncome": "-557000000",
      "interestIncome": "107000000",
      "interestExpense": "664000000",
      "nonInterestIncome": "None",
      "otherNonOperatingIncome": "-2995000000",
      "depreciation": "None",
      "depreciationAndAmortization": "2845000000",
      "incomeBeforeTax": "2688000000",
      "incomeTaxExpense": "792000000",
      "interestAndDebtExpense": "None",
      "netIncomeFromContinuingOperations": "1896000000",
      "comprehensiveIncomeNetOfTax": "None",
      "ebit": "3352000000",
      "ebitda": "6197000000",
      "netIncome": "1673000000"
    },
    {
      "fiscalDateEnding": "2023-01-31",
      "reportedCurrency": "USD",
      "grossProfit": "38625000000",
      "totalRevenue": "164048000000",
      "costOfRevenue": "125423000000",
      "costofGoodsAndServicesSold": "125423000000",
      "operatingIncome": "5561000000",
      "sellingGeneralAndAdministrative": "28964000000",
      "researchAndDevelopment": "None",
      "operatingExpenses": "33064000000",
      "investmentIncomeNet": "None",
      "netInterestIncome": "-507000000",
      "interestIncome": "507000000",
      "interestExpense": "610000000",
      "nonInterestIncome": "None",
      "otherNonOperatingIncome": "3848000000",
      "depreciation": "None",
      "depreciationAndAmortization": "2811000000",
      "incomeBeforeTax": "8902000000",
      "incomeTaxExpense": "3093000000",
      "interestAndDebtExpense": "None",
      "netIncomeFromContinuingOperations": "5809000000",
      "comprehensiveIncomeNetOfTax": "None",
      "ebit": "9512000000",
      "ebitda": "12323000000",
      "netIncome": "6275000000"
    },
    {
      "fiscalDateEnding": "2022-10-31",
      "reportedCurrency": "USD",
      "grossProfit": "37200000000",
      "totalRevenue": "152813000000",
      "costOfRevenue": "115613000000",
      "costofGoodsAndServicesSold": "115613000000",
      "operatingIncome": "2695000000",
      "sellingGeneralAndAdministrative": "34505000000",
      "researchAndDevelopment": "None",
      "operatingExpenses": "34505000000",
      "investmentIncomeNet": "None",
      "netInterestIncome": "-500000000",
      "interestIncome": "500000000",
      "interestExpense": "584000000",
      "nonInterestIncome": "None",
      "otherNonOperatingIncome": "-3626000000",
      "depreciation": "None",
      "depreciationAndAmortization": "2755000000",
      "incomeBeforeTax": "-1431000000",
      "incomeTaxExpense": "336000000",
      "interestAndDebtExpense": "None",
      "netIncomeFromContinuingOperations": "-1767000000",
      "comprehensiveIncomeNetOfTax": "None",
      "ebit": "-847000000",
      "ebitda": "1908000000",
      "netIncome": "-1798000000"
    },
    {
      "fiscalDateEnding": "2022-07-31",
      "reportedCurrency": "USD",
      "grossProfit": "37021000000",
      "totalRevenue": "152859000000",
      "costOfRevenue": "115838000000",
      "costofGoodsAndServicesSold": "115838000000",
      "operatingIncome": "6854000000",
      "sellingGeneralAndAdministrative": "30167000000",
      "researchAndDevelopment": "None",
      "operatingExpenses": "30167000000",
      "investmentIncomeNet": "None",
      "netInterestIncome": "-448000000",
      "interestIncome": "31000000",
      "interestExpense": "479000000",
      "nonInterestIncome": "None",
      "otherNonOperatingIncome": "238000000",
      "depreciation": "None",
      "depreciationAndAmortization": "2699000000",
      "incomeBeforeTax": "6644000000",
      "incomeTaxExpense": "1497000000",
      "interestAndDebtExpense": "None",
      "netIncomeFromContinuingOperations": "5147000000",
      "comprehensiveIncomeNetOfTax": "None",
      "ebit": "7123000000",
      "ebitda": "9822000000",
      "netIncome": "5149000000"
    },
    {
      "fiscalDateEnding": "2022-04-30",
      "reportedCurrency": "USD",
      "grossProfit": "34722000000",
      "totalRevenue": "141569000000",
      "costOfRevenue": "106847000000",
      "costofGoodsAndServicesSold": "106847000000",
      "operatingIncome": "5318000000",
      "sellingGeneralAndAdministrative": "29404000000",
      "researchAndDevelopment": "None",
      "operatingExpenses": "29404000000",
      "investmentIncomeNet": "None",
      "netInterestIncome": "-419000000",
      "interestIncome": "36000000",
      "interestExpense": "455000000",
      "nonInterestIncome": "None",
      "otherNonOperatingIncome": "-1998000000",
      "depreciation": "None",
      "depreciationAndAmortization": "2680000000",
      "incomeBeforeTax": "2901000000",
      "incomeTaxExpense": "798000000",
      "interestAndDebtExpense": "None",
      "netIncomeFromContinuingOperations": "2103000000",
      "comprehensiveIncomeNetOfTax": "None",
      "ebit": "3356000000",
      "ebitda": "6036000000",
      "netIncome": "2054000000"
    },
    {
      "fiscalDateEnding": "2022-01-31",
      "reportedCurrency": "USD",
      "grossProfit": "37349000000",
      "totalRevenue": "152871000000",
      "costOfRevenue": "115522000000",
      "costofGoodsAndServicesSold": "115522000000",
      "operatingIncome": "5887000000",
      "sellingGeneralAndAdministrative": "27562000000",
      "researchAndDevelopment": "None",
      "operatingExpenses": "31462000000",
      "investmentIncomeNet": "None",
      "netInterestIncome": "-380000000",
      "interestIncome": "380000000",
      "interestExpense": "427000000",
      "nonInterestIncome": "None",
      "otherNonOperatingIncome": "-725000000",
      "depreciation": "None",
      "depreciationAndAmortization": "2706000000",
      "incomeBeforeTax": "4782000000",
      "incomeTaxExpense": "1149000000",
      "interestAndDebtExpense": "None",
      "netIncomeFromContinuingOperations": "3633000000",
      "comprehensiveIncomeNetOfTax": "None",
      "ebit": "5209000000",
      "ebitda": "7915000000",
      "netIncome": "3562000000"
    },
    {
      "fiscalDateEnding": "2021-10-31",
      "reportedCurrency": "USD",
      "grossProfit": "35502000000",
      "totalRevenue": "140525000000",
      "costOfRevenue": "105023000000",
      "costofGoodsAndServicesSold": "105023000000",
      "operatingIncome": "5792000000",
      "sellingGeneralAndAdministrative": "29710000000",
      "researchAndDevelopment": "None",
      "operatingExpenses": "29710000000",
      "investmentIncomeNet": "None",
      "netInterestIncome": "-442000000",
      "interestIncome": "442000000",
      "interestExpense": "486000000",
      "nonInterestIncome": "None",
      "otherNonOperatingIncome": "-1203000000",
      "depreciation": "None",
      "depreciationAndAmortization": "2650000000",
      "incomeBeforeTax": "4147000000",
      "incomeTaxExpense": "1015000000",
      "interestAndDebtExpense": "None",
      "netIncomeFromContinuingOperations": "3132000000",
      "comprehensiveIncomeNetOfTax": "None",
      "ebit": "5792000000",
      "ebitda": "8442000000",
      "netIncome": "3105000000"
    },
    {
      "fiscalDateEnding": "2021-07-31",
      "reportedCurrency": "USD",
      "grossProfit": "35865000000",
      "totalRevenue": "141048000000",
      "costOfRevenue": "105183000000",
      "costofGoodsAndServicesSold": "105183000000",
      "operatingIncome": "7354000000",
      "sellingGeneralAndAdministrative": "28511000000",
      "researchAndDevelopment": "None",
      "operatingExpenses": "28511000000",
      "investmentIncomeNet": "None",
      "netInterestIncome": "-478000000",
      "interestIncome": "37000000",
      "interestExpense": "515000000",
      "nonInterestIncome": "None",
      "otherNonOperatingIncome": "-953000000",
      "depreciation": "None",
      "depreciationAndAmortization": "2641000000",
      "incomeBeforeTax": "5923000000",
      "incomeTaxExpense": "1559000000",
      "interestAndDebtExpense": "None",
      "netIncomeFromContinuingOperations": "4364000000",
      "comprehensiveIncomeNetOfTax": "None",
      "ebit": "6438000000",
      "ebitda": "9079000000",
      "netIncome": "4276000000"
    },
    {
      "fiscalDateEnding": "2021-04-30",
      "reportedCurrency": "USD",
      "grossProfit": "35038000000",
      "totalRevenue": "138310000000",
      "costOfRevenue": "103272000000",
      "costofGoodsAndServicesSold": "103272000000",
      "operatingIncome": "6909000000",
      "sellingGeneralAndAdministrative": "28129000000",
      "researchAndDevelopment": "None",
      "operatingExpenses": "28129000000",
      "investmentIncomeNet": "None",
      "netInterestIncome": "-536000000",
      "interestIncome": "30000000",
      "interestExpense": "566000000",
      "nonInterestIncome": "None",
      "otherNonOperatingIncome": "-2529000000",
      "depreciation": "None",
      "depreciationAndAmortization": "2661000000",
      "incomeBeforeTax": "3844000000",
      "incomeTaxExpense": "1033000000",
      "interestAndDebtExpense": "None",
      "netIncomeFromContinuingOperations": "2811000000",
      "comprehensiveIncomeNetOfTax": "None",
      "ebit": "4410000000",
      "ebitda": "7071000000",
      "netIncome": "2730000000"
    },
    {
      "fiscalDateEnding": "2021-01-31",
      "reportedCurrency": "USD",
      "grossProfit": "36818000000",
      "totalRevenue": "152079000000",
      "costOfRevenue": "115261000000",
      "costofGoodsAndServicesSold": "115261000000",
      "operatingIncome": "5487000000",
      "sellingGeneralAndAdministrative": "28131000000",
      "researchAndDevelopment": "None",
      "operatingExpenses": "31331000000",
      "investmentIncomeNet": "None",
      "netInterestIncome": "-494000000",
      "interestIncome": "30000000",
      "interestExpense": "524000000",
      "nonInterestIncome": "None",
      "otherNonOperatingIncome": "None",
      "depreciation": "None",
      "depreciationAndAmortization": "2819000000",
      "incomeBeforeTax": "-593000000",
      "incomeTaxExpense": "1415000000",
      "interestAndDebtExpense": "None",
      "netIncomeFromContinuingOperations": "-2008000000",
      "comprehensiveIncomeNetOfTax": "None",
      "ebit": "-69000000",
      "ebitda": "2750000000",
      "netIncome": "-2091000000"
    },
    {
      "fiscalDateEnding": "2020-10-31",
      "reportedCurrency": "USD",
      "grossProfit": "34369000000",
      "totalRevenue": "134708000000",
      "costOfRevenue": "100339000000",
      "costofGoodsAndServicesSold": "100339000000",
      "operatingIncome": "5778000000",
      "sellingGeneralAndAdministrative": "28591000000",
      "researchAndDevelopment": "None",
      "operatingExpenses": "28591000000",
      "investmentIncomeNet": "None",
      "netInterestIncome": "-516000000",
      "interestIncome": "1337000000",
      "interestExpense": "541000000",
      "nonInterestIncome": "None",
      "otherNonOperatingIncome": "1853000000",
      "depreciation": "None",
      "depreciationAndAmortization": "2771000000",
      "incomeBeforeTax": "7115000000",
      "incomeTaxExpense": "1914000000",
      "interestAndDebtExpense": "None",
      "netIncomeFromContinuingOperations": "5201000000",
      "comprehensiveIncomeNetOfTax": "None",
      "ebit": "7656000000",
      "ebitda": "10427000000",
      "netIncome": "5135000000"
    },
    {
      "fiscalDateEnding": "2020-07-31",
      "reportedCurrency": "USD",
      "grossProfit": "35053000000",
      "totalRevenue": "137742000000",
      "costOfRevenue": "102689000000",
      "costofGoodsAndServicesSold": "102689000000",
      "operatingIncome": "6059000000",
      "sellingGeneralAndAdministrative": "28994000000",
      "researchAndDevelopment": "None",
      "operatingExpenses": "28994000000",
      "investmentIncomeNet": "None",
      "netInterestIncome": "-635000000",
      "interestIncome": "2587000000",
      "interestExpense": "658000000",
      "nonInterestIncome": "None",
      "otherNonOperatingIncome": "3222000000",
      "depreciation": "None",
      "depreciationAndAmortization": "2771000000",
      "incomeBeforeTax": "8646000000",
      "incomeTaxExpense": "2207000000",
      "interestAndDebtExpense": "None",
      "netIncomeFromContinuingOperations": "6439000000",
      "comprehensiveIncomeNetOfTax": "None",
      "ebit": "9304000000",
      "ebitda": "12075000000",
      "netIncome": "6476000000"
    },
    {
      "fiscalDateEnding": "2020-04-30",
      "reportedCurrency": "USD",
      "grossProfit": "32596000000",
      "totalRevenue": "134622000000",
      "costOfRevenue": "102026000000",
      "costofGoodsAndServicesSold": "102026000000",
      "operatingIncome": "5224000000",
      "sellingGeneralAndAdministrative": "27372000000",
      "researchAndDevelopment": "None",
      "operatingExpenses": "27372000000",
      "investmentIncomeNet": "None",
      "netInterestIncome": "-549000000",
      "interestIncome": "43000000",
      "interestExpense": "592000000",
      "nonInterestIncome": "None",
      "otherNonOperatingIncome": "721000000",
      "depreciation": "None",
      "depreciationAndAmortization": "2791000000",
      "incomeBeforeTax": "5396000000",
      "incomeTaxExpense": "1322000000",
      "interestAndDebtExpense": "None",
      "netIncomeFromContinuingOperations": "4074000000",
      "comprehensiveIncomeNetOfTax": "None",
      "ebit": "5988000000",
      "ebitda": "8779000000",
      "netIncome": "3990000000"
    },
    {
      "fiscalDateEnding": "2020-01-31",
      "reportedCurrency": "USD",
      "grossProfit": "33923000000",
      "totalRevenue": "141671000000",
      "costOfRevenue": "107748000000",
      "costofGoodsAndServicesSold": "107748000000",
      "operatingIncome": "5322000000",
      "sellingGeneralAndAdministrative": "24901000000",
      "researchAndDevelopment": "None",
      "operatingExpenses": "28601000000",
      "investmentIncomeNet": "None",
      "netInterestIncome": "-611000000",
      "interestIncome": "41000000",
      "interestExpense": "652000000",
      "nonInterestIncome": "None",
      "otherNonOperatingIncome": "962000000",
      "depreciation": "None",
      "depreciationAndAmortization": "2828000000",
      "incomeBeforeTax": "5673000000",
      "incomeTaxExpense": "1379000000",
      "interestAndDebtExpense": "None",
      "netIncomeFromContinuingOperations": "4294000000",
      "comprehensiveIncomeNetOfTax": "None",
      "ebit": "6325000000",
      "ebitda": "9153000000",
      "netIncome": "4141000000"
    },
    {
      "fiscalDateEnding": "2019-10-31",
      "reportedCurrency": "USD",
      "grossProfit": "32091000000",
      "totalRevenue": "127991000000",
      "costOfRevenue": "95900000000",
      "costofGoodsAndServicesSold": "95900000000",
      "operatingIncome": "4718000000",
      "sellingGeneralAndAdministrative": "27373000000",
      "researchAndDevelopment": "None",
      "operatingExpenses": "27373000000",
      "investmentIncomeNet": "None",
      "netInterestIncome": "-589000000",
      "interestIncome": "44000000",
      "interestExpense": "633000000",
      "nonInterestIncome": "None",
      "otherNonOperatingIncome": "244000000",
      "depreciation": "None",
      "depreciationAndAmortization": "2723000000",
      "incomeBeforeTax": "4373000000",
      "incomeTaxExpense": "1052000000",
      "interestAndDebtExpense": "None",
      "netIncomeFromContinuingOperations": "3321000000",
      "comprehensiveIncomeNetOfTax": "None",
      "ebit": "5006000000",
      "ebitda": "7729000000",
      "netIncome": "3288000000"
    },
    {
      "fiscalDateEnding": "2019-07-31",
      "reportedCurrency": "USD",
      "grossProfit": "32454000000",
      "totalRevenue": "130377000000",
      "costOfRevenue": "97923000000",
      "costofGoodsAndServicesSold": "97923000000",
      "operatingIncome": "5583000000",
      "sellingGeneralAndAdministrative": "26871000000",
      "researchAndDevelopment": "None",
      "operatingExpenses": "26871000000",
      "investmentIncomeNet": "None",
      "netInterestIncome": "-585000000",
      "interestIncome": "56000000",
      "interestExpense": "641000000",
      "nonInterestIncome": "None",
      "otherNonOperatingIncome": "-85000000",
      "depreciation": "None",
      "depreciationAndAmortization": "2722000000",
      "incomeBeforeTax": "4913000000",
      "incomeTaxExpense": "1233000000",
      "interestAndDebtExpense": "None",
      "netIncomeFromContinuingOperations": "3680000000",
      "comprehensiveIncomeNetOfTax": "None",
      "ebit": "5554000000",
      "ebitda": "8276000000",
      "netIncome": "3610000000"
    },
    {
      "fiscalDateEnding": "2019-04-30",
      "reportedCurrency": "USD",
      "grossProfit": "30891000000",
      "totalRevenue": "123925000000",
      "costOfRevenue": "93034000000",
      "costofGoodsAndServicesSold": "93034000000",
      "operatingIncome": "4945000000",
      "sellingGeneralAndAdministrative": "25946000000",
      "researchAndDevelopment": "None",
      "operatingExpenses": "25946000000",
      "investmentIncomeNet": "None",
      "netInterestIncome": "-625000000",
      "interestIncome": "212000000",
      "interestExpense": "673000000",
      "nonInterestIncome": "None",
      "otherNonOperatingIncome": "837000000",
      "depreciation": "None",
      "depreciationAndAmortization": "2714000000",
      "incomeBeforeTax": "5157000000",
      "incomeTaxExpense": "1251000000",
      "interestAndDebtExpense": "None",
      "netIncomeFromContinuingOperations": "3906000000",
      "comprehensiveIncomeNetOfTax": "None",
      "ebit": "5830000000",
      "ebitda": "8544000000",
      "netIncome": "3842000000"
    },
    {
      "fiscalDateEnding": "2019-01-31",
      "reportedCurrency": "USD",
      "grossProfit": "33886000000",
      "totalRevenue": "138793000000",
      "costOfRevenue": "104907000000",
      "costofGoodsAndServicesSold": "104907000000",
      "operatingIncome": "6067000000",
      "sellingGeneralAndAdministrative": "24319000000",
      "researchAndDevelopment": "0",
      "operatingExpenses": "27819000000",
      "investmentIncomeNet": "None",
      "netInterestIncome": "None",
      "interestIncome": "None",
      "interestExpense": "669000000",
      "nonInterestIncome": "None",
      "otherNonOperatingIncome": "202000000",
      "depreciation": "None",
      "depreciationAndAmortization": "2731000000",
      "incomeBeforeTax": "5664000000",
      "incomeTaxExpense": "1851000000",
      "interestAndDebtExpense": "None",
      "netIncomeFromContinuingOperations": "3813000000",
      "comprehensiveIncomeNetOfTax": "None",
      "ebit": "6333000000",
      "ebitda": "9064000000",
      "netIncome": "3687000000"
    },
    {
      "fiscalDateEnding": "2018-10-31",
      "reportedCurrency": "USD",
      "grossProfit": "31778000000",
      "totalRevenue": "124894000000",
      "costOfRevenue": "93116000000",
      "costofGoodsAndServicesSold": "93116000000",
      "operatingIncome": "4986000000",
      "sellingGeneralAndAdministrative": "26792000000",
      "researchAndDevelopment": "0",
      "operatingExpenses": "26792000000",
      "investmentIncomeNet": "None",
      "netInterestIncome": "None",
      "interestIncome": "None",
      "interestExpense": "593000000",
      "nonInterestIncome": "None",
      "otherNonOperatingIncome": "-1876000000",
      "depreciation": "None",
      "depreciationAndAmortization": "2615000000",
      "incomeBeforeTax": "2576000000",
      "incomeTaxExpense": "759000000",
      "interestAndDebtExpense": "None",
      "netIncomeFromContinuingOperations": "1817000000",
      "comprehensiveIncomeNetOfTax": "None",
      "ebit": "3169000000",
      "ebitda": "5784000000",
      "netIncome": "1710000000"
    },
    {
      "fiscalDateEnding": "2018-07-31",
      "reportedCurrency": "USD",
      "grossProfit": "32457000000",
      "totalRevenue": "128028000000",
      "costOfRevenue": "95571000000",
      "costofGoodsAndServicesSold": "95571000000",
      "operatingIncome": "5750000000",
      "sellingGeneralAndAdministrative": "26707000000",
      "researchAndDevelopment": "0",
      "operatingExpenses": "26707000000",
      "investmentIncomeNet": "None",
      "netInterestIncome": "None",
      "interestIncome": "None",
      "interestExpense": "554000000",
      "nonInterestIncome": "None",
      "otherNonOperatingIncome": "-4849000000",
      "depreciation": "None",
      "depreciationAndAmortization": "2654000000",
      "incomeBeforeTax": "398000000",
      "incomeTaxExpense": "1125000000",
      "interestAndDebtExpense": "None",
      "netIncomeFromContinuingOperations": "-727000000",
      "comprehensiveIncomeNetOfTax": "None",
      "ebit": "952000000",
      "ebitda": "3606000000",
      "netIncome": "-861000000"
    },
    {
      "fiscalDateEnding": "2018-04-30",
      "reportedCurrency": "USD",
      "grossProfit": "30983000000",
      "totalRevenue": "122690000000",
      "costOfRevenue": "91707000000",
      "costofGoodsAndServicesSold": "91707000000",
      "operatingIncome": "5154000000",
      "sellingGeneralAndAdministrative": "25829000000",
      "researchAndDevelopment": "0",
      "operatingExpenses": "25829000000",
      "investmentIncomeNet": "None",
      "netInterestIncome": "None",
      "interestIncome": "None",
      "interestExpense": "530000000",
      "nonInterestIncome": "None",
      "otherNonOperatingIncome": "-1845000000",
      "depreciation": "None",
      "depreciationAndAmortization": "2678000000",
      "incomeBeforeTax": "2822000000",
      "incomeTaxExpense": "546000000",
      "interestAndDebtExpense": "None",
      "netIncomeFromContinuingOperations": "2276000000",
      "comprehensiveIncomeNetOfTax": "None",
      "ebit": "3352000000",
      "ebitda": "6030000000",
      "netIncome": "2134000000"
    },
    {
      "fiscalDateEnding": "2018-01-31",
      "reportedCurrency": "USD",
      "grossProfit": "33627000000",
      "totalRevenue": "136267000000",
      "costOfRevenue": "102640000000",
      "costofGoodsAndServicesSold": "102640000000",
      "operatingIncome": "4467000000",
      "sellingGeneralAndAdministrative": "26060000000",
      "researchAndDevelopment": "0",
      "operatingExpenses": "29160000000",
      "investmentIncomeNet": "None",
      "netInterestIncome": "None",
      "interestIncome": "None",
      "interestExpense": "536000000",
      "nonInterestIncome": "None",
      "otherNonOperatingIncome": "-1004000000",
      "depreciation": "None",
      "depreciationAndAmortization": "2702000000",
      "incomeBeforeTax": "2964000000",
      "incomeTaxExpense": "601000000",
      "interestAndDebtExpense": "None",
      "netIncomeFromContinuingOperations": "2363000000",
      "comprehensiveIncomeNetOfTax": "None",
      "ebit": "6129000000",
      "ebitda": "8831000000",
      "netIncome": "2175000000"
    },
    {
      "fiscalDateEnding": "2017-10-31",
      "reportedCurrency": "USD",
      "grossProfit": "31632000000",
      "totalRevenue": "123179000000",
      "costOfRevenue": "91547000000",
      "costofGoodsAndServicesSold": "91547000000",
      "operatingIncome": "4764000000",
      "sellingGeneralAndAdministrative": "26868000000",
      "researchAndDevelopment": "0",
      "operatingExpenses": "26868000000",
      "investmentIncomeNet": "None",
      "netInterestIncome": "None",
      "interestIncome": "None",
      "interestExpense": "583000000",
      "nonInterestIncome": "None",
      "otherNonOperatingIncome": "-1344000000",
      "depreciation": "None",
      "depreciationAndAmortization": "2658000000",
      "incomeBeforeTax": "2879000000",
      "incomeTaxExpense": "975000000",
      "interestAndDebtExpense": "None",
      "netIncomeFromContinuingOperations": "1904000000",
      "comprehensiveIncomeNetOfTax": "None",
      "ebit": "4914000000",
      "ebitda": "7572000000",
      "netIncome": "1749000000"
    },
    {
      "fiscalDateEnding": "2017-07-31",
      "reportedCurrency": "USD",
      "grossProfit": "31834000000",
      "totalRevenue": "123355000000",
      "costOfRevenue": "91521000000",
      "costofGoodsAndServicesSold": "91521000000",
      "operatingIncome": "5969000000",
      "sellingGeneralAndAdministrative": "25865000000",
      "researchAndDevelopment": "0",
      "operatingExpenses": "25865000000",
      "investmentIncomeNet": "None",
      "netInterestIncome": "None",
      "interestIncome": "None",
      "interestExpense": "613000000",
      "nonInterestIncome": "None",
      "otherNonOperatingIncome": "-788000000",
      "depreciation": "None",
      "depreciationAndAmortization": "2618000000",
      "incomeBeforeTax": "4606000000",
      "incomeTaxExpense": "1502000000",
      "interestAndDebtExpense": "None",
      "netIncomeFromContinuingOperations": "3104000000",
      "comprehensiveIncomeNetOfTax": "None",
      "ebit": "5969000000",
      "ebitda": "8587000000",
      "netIncome": "2899000000"
    },
    {
      "fiscalDateEnding": "2017-04-30",
      "reportedCurrency": "USD",
      "grossProfit": "29854000000",
      "totalRevenue": "117542000000",
      "costOfRevenue": "87688000000",
      "costofGoodsAndServicesSold": "87688000000",
      "operatingIncome": "5237000000",
      "sellingGeneralAndAdministrative": "24617000000",
      "researchAndDevelopment": "0",
      "operatingExpenses": "24617000000",
      "investmentIncomeNet": "None",
      "netInterestIncome": "None",
      "interestIncome": "None",
      "interestExpense": "598000000",
      "nonInterestIncome": "None",
      "otherNonOperatingIncome": "None",
      "depreciation": "None",
      "depreciationAndAmortization": "2551000000",
      "incomeBeforeTax": "4674000000",
      "incomeTaxExpense": "1522000000",
      "interestAndDebtExpense": "None",
      "netIncomeFromContinuingOperations": "3152000000",
      "comprehensiveIncomeNetOfTax": "None",
      "ebit": "5272000000",
      "ebitda": "7823000000",
      "netIncome": "3039000000"
    },
    {
      "fiscalDateEnding": "2017-01-31",
      "reportedCurrency": "USD",
      "grossProfit": "33193000000",
      "totalRevenue": "130936000000",
      "costOfRevenue": "97743000000",
      "costofGoodsAndServicesSold": "97743000000",
      "operatingIncome": "6205000000",
      "sellingGeneralAndAdministrative": "24088000000",
      "researchAndDevelopment": "0",
      "operatingExpenses": "26988000000",
      "investmentIncomeNet": "None",
      "netInterestIncome": "None",
      "interestIncome": "None",
      "interestExpense": "585000000",
      "nonInterestIncome": "None",
      "otherNonOperatingIncome": "None",
      "depreciation": "None",
      "depreciationAndAmortization": "2706000000",
      "incomeBeforeTax": "5650000000",
      "incomeTaxExpense": "1664000000",
      "interestAndDebtExpense": "None",
      "netIncomeFromContinuingOperations": "3986000000",
      "comprehensiveIncomeNetOfTax": "None",
      "ebit": "6205000000",
      "ebitda": "8911000000",
      "netIncome": "3757000000"
    },
    {
      "fiscalDateEnding": "2016-10-31",
      "reportedCurrency": "USD",
      "grossProfit": "30695000000",
      "totalRevenue": "118179000000",
      "costOfRevenue": "87484000000",
      "costofGoodsAndServicesSold": "87484000000",
      "operatingIncome": "5119000000",
      "sellingGeneralAndAdministrative": "25576000000",
      "researchAndDevelopment": "0",
      "operatingExpenses": "25576000000",
      "investmentIncomeNet": "None",
      "netInterestIncome": "None",
      "interestIncome": "None",
      "interestExpense": "609000000",
      "nonInterestIncome": "None",
      "otherNonOperatingIncome": "None",
      "depreciation": "None",
      "depreciationAndAmortization": "2469000000",
      "incomeBeforeTax": "4534000000",
      "incomeTaxExpense": "1332000000",
      "interestAndDebtExpense": "None",
      "netIncomeFromContinuingOperations": "3202000000",
      "comprehensiveIncomeNetOfTax": "None",
      "ebit": "5119000000",
      "ebitda": "7588000000",
      "netIncome": "3034000000"
    },
    {
      "fiscalDateEnding": "2016-07-31",
      "reportedCurrency": "USD",
      "grossProfit": "31369000000",
      "totalRevenue": "120854000000",
      "costOfRevenue": "89485000000",
      "costofGoodsAndServicesSold": "89485000000",
      "operatingIncome": "6165000000",
      "sellingGeneralAndAdministrative": "25204000000",
      "researchAndDevelopment": "0",
      "operatingExpenses": "25204000000",
      "investmentIncomeNet": "None",
      "netInterestIncome": "None",
      "interestIncome": "None",
      "interestExpense": "588000000",
      "nonInterestIncome": "None",
      "otherNonOperatingIncome": "None",
      "depreciation": "None",
      "depreciationAndAmortization": "2517000000",
      "incomeBeforeTax": "5599000000",
      "incomeTaxExpense": "1710000000",
      "interestAndDebtExpense": "None",
      "netIncomeFromContinuingOperations": "3889000000",
      "comprehensiveIncomeNetOfTax": "None",
      "ebit": "6165000000",
      "ebitda": "8682000000",
      "netIncome": "3773000000"
    },
    {
      "fiscalDateEnding": "2016-04-30",
      "reportedCurrency": "USD",
      "grossProfit": "29360000000",
      "totalRevenue": "115904000000",
      "costOfRevenue": "86544000000",
      "costofGoodsAndServicesSold": "86544000000",
      "operatingIncome": "5275000000",
      "sellingGeneralAndAdministrative": "24085000000",
      "researchAndDevelopment": "0",
      "operatingExpenses": "24085000000",
      "investmentIncomeNet": "None",
      "netInterestIncome": "None",
      "interestIncome": "None",
      "interestExpense": "585000000",
      "nonInterestIncome": "None",
      "otherNonOperatingIncome": "None",
      "depreciation": "None",
      "depreciationAndAmortization": "2388000000",
      "incomeBeforeTax": "4714000000",
      "incomeTaxExpense": "1498000000",
      "interestAndDebtExpense": "None",
      "netIncomeFromContinuingOperations": "3216000000",
      "comprehensiveIncomeNetOfTax": "None",
      "ebit": "5275000000",
      "ebitda": "7663000000",
      "netIncome": "3079000000"
    },
    {
      "fiscalDateEnding": "2016-01-31",
      "reportedCurrency": "USD",
      "grossProfit": "32668000000",
      "totalRevenue": "129667000000",
      "costOfRevenue": "96999000000",
      "costofGoodsAndServicesSold": "96999000000",
      "operatingIncome": "6642000000",
      "sellingGeneralAndAdministrative": "23526000000",
      "researchAndDevelopment": "0",
      "operatingExpenses": "26026000000",
      "investmentIncomeNet": "None",
      "netInterestIncome": "None",
      "interestIncome": "None",
      "interestExpense": "565000000",
      "nonInterestIncome": "None",
      "otherNonOperatingIncome": "None",
      "depreciation": "None",
      "depreciationAndAmortization": "2431000000",
      "incomeBeforeTax": "6094000000",
      "incomeTaxExpense": "1346000000",
      "interestAndDebtExpense": "None",
      "netIncomeFromContinuingOperations": "4748000000",
      "comprehensiveIncomeNetOfTax": "None",
      "ebit": "6642000000",
      "ebitda": "9073000000",
      "netIncome": "4574000000"
    },
    {
      "fiscalDateEnding": "2015-10-31",
      "reportedCurrency": "USD",
      "grossProfit": "29962000000",
      "totalRevenue": "117408000000",
      "costOfRevenue": "87446000000",
      "costofGoodsAndServicesSold": "87446000000",
      "operatingIncome": "5714000000",
      "sellingGeneralAndAdministrative": "24248000000",
      "researchAndDevelopment": "0",
      "operatingExpenses": "24248000000",
      "investmentIncomeNet": "None",
      "netInterestIncome": "None",
      "interestIncome": "None",
      "interestExpense": "573000000",
      "nonInterestIncome": "None",
      "otherNonOperatingIncome": "None",
      "depreciation": "None",
      "depreciationAndAmortization": "2365000000",
      "incomeBeforeTax": "5162000000",
      "incomeTaxExpense": "1748000000",
      "interestAndDebtExpense": "None",
      "netIncomeFromContinuingOperations": "3414000000",
      "comprehensiveIncomeNetOfTax": "None",
      "ebit": "5714000000",
      "ebitda": "8079000000",
      "netIncome": "3304000000"
    },
    {
      "fiscalDateEnding": "2015-07-31",
      "reportedCurrency": "USD",
      "grossProfit": "30173000000",
      "totalRevenue": "120229000000",
      "costOfRevenue": "90056000000",
      "costofGoodsAndServicesSold": "90056000000",
      "operatingIncome": "6069000000",
      "sellingGeneralAndAdministrative": "24104000000",
      "researchAndDevelopment": "0",
      "operatingExpenses": "24104000000",
      "investmentIncomeNet": "None",
      "netInterestIncome": "None",
      "interestIncome": "None",
      "interestExpense": "567000000",
      "nonInterestIncome": "None",
      "otherNonOperatingIncome": "None",
      "depreciation": "None",
      "depreciationAndAmortization": "2339000000",
      "incomeBeforeTax": "5526000000",
      "incomeTaxExpense": "1891000000",
      "interestAndDebtExpense": "None",
      "netIncomeFromContinuingOperations": "3635000000",
      "comprehensiveIncomeNetOfTax": "None",
      "ebit": "6069000000",
      "ebitda": "8408000000",
      "netIncome": "3475000000"
    },
    {
      "fiscalDateEnding": "2015-04-30",
      "reportedCurrency": "USD",
      "grossProfit": "28343000000",
      "totalRevenue": "114826000000",
      "costOfRevenue": "86483000000",
      "costofGoodsAndServicesSold": "86483000000",
      "operatingIncome": "5680000000",
      "sellingGeneralAndAdministrative": "22663000000",
      "researchAndDevelopment": "0",
      "operatingExpenses": "22663000000",
      "investmentIncomeNet": "None",
      "netInterestIncome": "None",
      "interestIncome": "None",
      "interestExpense": "843000000",
      "nonInterestIncome": "None",
      "otherNonOperatingIncome": "None",
      "depreciation": "None",
      "depreciationAndAmortization": "2319000000",
      "incomeBeforeTax": "4856000000",
      "incomeTaxExpense": "1573000000",
      "interestAndDebtExpense": "None",
      "netIncomeFromContinuingOperations": "3283000000",
      "comprehensiveIncomeNetOfTax": "None",
      "ebit": "5680000000",
      "ebitda": "7999000000",
      "netIncome": "3341000000"
    },
    {
      "fiscalDateEnding": "2015-01-31",
      "reportedCurrency": "USD",
      "grossProfit": "32450000000",
      "totalRevenue": "131565000000",
      "costOfRevenue": "99115000000",
      "costofGoodsAndServicesSold": "99115000000",
      "operatingIncome": "7949000000",
      "sellingGeneralAndAdministrative": "22101000000",
      "researchAndDevelopment": "0",
      "operatingExpenses": "24501000000",
      "investmentIncomeNet": "None",
      "netInterestIncome": "None",
      "interestIncome": "None",
      "interestExpense": "623000000",
      "nonInterestIncome": "None",
      "otherNonOperatingIncome": "None",
      "depreciation": "None",
      "depreciationAndAmortization": "2292000000",
      "incomeBeforeTax": "7363000000",
      "incomeTaxExpense": "2175000000",
      "interestAndDebtExpense": "None",
      "netIncomeFromContinuingOperations": "5188000000",
      "comprehensiveIncomeNetOfTax": "None",
      "ebit": "8198000000",
      "ebitda": "10490000000",
      "netIncome": "4966000000"
    },
    {
      "fiscalDateEnding": "2014-10-31",
      "reportedCurrency": "USD",
      "grossProfit": "29754000000",
      "totalRevenue": "119001000000",
      "costOfRevenue": "89247000000",
      "costofGoodsAndServicesSold": "89247000000",
      "operatingIncome": "6265000000",
      "sellingGeneralAndAdministrative": "23489000000",
      "researchAndDevelopment": "0",
      "operatingExpenses": "23489000000",
      "investmentIncomeNet": "None",
      "netInterestIncome": "None",
      "interestIncome": "None",
      "interestExpense": "676000000",
      "nonInterestIncome": "None",
      "otherNonOperatingIncome": "None",
      "depreciation": "None",
      "depreciationAndAmortization": "2354000000",
      "incomeBeforeTax": "5609000000",
      "incomeTaxExpense": "1783000000",
      "interestAndDebtExpense": "None",
      "netIncomeFromContinuingOperations": "3826000000",
      "comprehensiveIncomeNetOfTax": "None",
      "ebit": "6265000000",
      "ebitda": "8619000000",
      "netIncome": "3711000000"
    },
    {
      "fiscalDateEnding": "2014-07-31",
      "reportedCurrency": "USD",
      "grossProfit": "30115000000",
      "totalRevenue": "120125000000",
      "costOfRevenue": "90010000000",
      "costofGoodsAndServicesSold": "90010000000",
      "operatingIncome": "6740000000",
      "sellingGeneralAndAdministrative": "23375000000",
      "researchAndDevelopment": "0",
      "operatingExpenses": "23375000000",
      "investmentIncomeNet": "None",
      "netInterestIncome": "None",
      "interestIncome": "None",
      "interestExpense": "570000000",
      "nonInterestIncome": "None",
      "otherNonOperatingIncome": "None",
      "depreciation": "None",
      "depreciationAndAmortization": "2277000000",
      "incomeBeforeTax": "6202000000",
      "incomeTaxExpense": "2113000000",
      "interestAndDebtExpense": "None",
      "netIncomeFromContinuingOperations": "4089000000",
      "comprehensiveIncomeNetOfTax": "None",
      "ebit": "6740000000",
      "ebitda": "9017000000",
      "netIncome": "4093000000"
    },
    {
      "fiscalDateEnding": "2014-04-30",
      "reportedCurrency": "USD",
      "grossProfit": "28246000000",
      "totalRevenue": "114960000000",
      "costOfRevenue": "86714000000",
      "costofGoodsAndServicesSold": "86714000000",
      "operatingIncome": "6193000000",
      "sellingGeneralAndAdministrative": "22053000000",
      "researchAndDevelopment": "0",
      "operatingExpenses": "22053000000",
      "investmentIncomeNet": "None",
      "netInterestIncome": "None",
      "interestIncome": "None",
      "interestExpense": "592000000",
      "nonInterestIncome": "None",
      "otherNonOperatingIncome": "None",
      "depreciation": "None",
      "depreciationAndAmortization": "2250000000",
      "incomeBeforeTax": "5625000000",
      "incomeTaxExpense": "1914000000",
      "interestAndDebtExpense": "None",
      "netIncomeFromContinuingOperations": "3711000000",
      "comprehensiveIncomeNetOfTax": "None",
      "ebit": "6193000000",
      "ebitda": "8443000000",
      "netIncome": "3593000000"
    },
    {
      "fiscalDateEnding": "2014-01-31",
      "reportedCurrency": "USD",
      "grossProfit": "31735000000",
      "totalRevenue": "129706000000",
      "costOfRevenue": "97971000000",
      "costofGoodsAndServicesSold": "97971000000",
      "operatingIncome": "7347000000",
      "sellingGeneralAndAdministrative": "21988000000",
      "researchAndDevelopment": "0",
      "operatingExpenses": "24388000000",
      "investmentIncomeNet": "None",
      "netInterestIncome": "None",
      "interestIncome": "None",
      "interestExpense": "581000000",
      "nonInterestIncome": "None",
      "otherNonOperatingIncome": "None",
      "depreciation": "None",
      "depreciationAndAmortization": "2270000000",
      "incomeBeforeTax": "6793000000",
      "incomeTaxExpense": "2249000000",
      "interestAndDebtExpense": "None",
      "netIncomeFromContinuingOperations": "4521000000",
      "comprehensiveIncomeNetOfTax": "None",
      "ebit": "7347000000",
      "ebitda": "9617000000",
      "netIncome": "4431000000"
    },
    {
      "fiscalDateEnding": "2013-10-31",
      "reportedCurrency": "USD",
      "grossProfit": "29001000000",
      "totalRevenue": "115688000000",
      "costOfRevenue": "86687000000",
      "costofGoodsAndServicesSold": "86687000000",
      "operatingIncome": "6310000000",
      "sellingGeneralAndAdministrative": "22691000000",
      "researchAndDevelopment": "0",
      "operatingExpenses": "22691000000",
      "investmentIncomeNet": "None",
      "netInterestIncome": "None",
      "interestIncome": "None",
      "interestExpense": "592000000",
      "nonInterestIncome": "None",
      "otherNonOperatingIncome": "None",
      "depreciation": "None",
      "depreciationAndAmortization": "2183000000",
      "incomeBeforeTax": "5730000000",
      "incomeTaxExpense": "1860000000",
      "interestAndDebtExpense": "None",
      "netIncomeFromContinuingOperations": "3870000000",
      "comprehensiveIncomeNetOfTax": "None",
      "ebit": "6325000000",
      "ebitda": "8508000000",
      "netIncome": "3738000000"
    },
    {
      "fiscalDateEnding": "2013-07-31",
      "reportedCurrency": "USD",
      "grossProfit": "29490000000",
      "totalRevenue": "116945000000",
      "costOfRevenue": "87455000000",
      "costofGoodsAndServicesSold": "87455000000",
      "operatingIncome": "6793000000",
      "sellingGeneralAndAdministrative": "22697000000",
      "researchAndDevelopment": "0",
      "operatingExpenses": "22697000000",
      "investmentIncomeNet": "None",
      "netInterestIncome": "None",
      "interestIncome": "None",
      "interestExpense": "589000000",
      "nonInterestIncome": "None",
      "otherNonOperatingIncome": "None",
      "depreciation": "None",
      "depreciationAndAmortization": "2223000000",
      "incomeBeforeTax": "6240000000",
      "incomeTaxExpense": "2025000000",
      "interestAndDebtExpense": "None",
      "netIncomeFromContinuingOperations": "4215000000",
      "comprehensiveIncomeNetOfTax": "None",
      "ebit": "6806000000",
      "ebitda": "9029000000",
      "netIncome": "4069000000"
    },
    {
      "fiscalDateEnding": "2013-04-30",
      "reportedCurrency": "USD",
      "grossProfit": "28160000000",
      "totalRevenue": "114187000000",
      "costOfRevenue": "86027000000",
      "costofGoodsAndServicesSold": "86027000000",
      "operatingIncome": "6456000000",
      "sellingGeneralAndAdministrative": "21704000000",
      "researchAndDevelopment": "0",
      "operatingExpenses": "21704000000",
      "investmentIncomeNet": "None",
      "netInterestIncome": "None",
      "interestIncome": "None",
      "interestExpense": "574000000",
      "nonInterestIncome": "None",
      "otherNonOperatingIncome": "None",
      "depreciation": "None",
      "depreciationAndAmortization": "2194000000",
      "incomeBeforeTax": "5926000000",
      "incomeTaxExpense": "1981000000",
      "interestAndDebtExpense": "None",
      "netIncomeFromContinuingOperations": "3945000000",
      "comprehensiveIncomeNetOfTax": "None",
      "ebit": "6474000000",
      "ebitda": "8668000000",
      "netIncome": "3784000000"
    },
    {
      "fiscalDateEnding": "2013-01-31",
      "reportedCurrency": "USD",
      "grossProfit": "31791000000",
      "totalRevenue": "127919000000",
      "costOfRevenue": "96128000000",
      "costofGoodsAndServicesSold": "96128000000",
      "operatingIncome": "8600000000",
      "sellingGeneralAndAdministrative": "20891000000",
      "researchAndDevelopment": "0",
      "operatingExpenses": "23191000000",
      "investmentIncomeNet": "None",
      "netInterestIncome": "None",
      "interestIncome": "None",
      "interestExpense": "533000000",
      "nonInterestIncome": "None",
      "otherNonOperatingIncome": "None",
      "depreciation": "None",
      "depreciationAndAmortization": "2179000000",
      "incomeBeforeTax": "8123000000",
      "incomeTaxExpense": "2247000000",
      "interestAndDebtExpense": "None",
      "netIncomeFromContinuingOperations": "5876000000",
      "comprehensiveIncomeNetOfTax": "None",
      "ebit": "8656000000",
      "ebitda": "10835000000",
      "netIncome": "5606000000"
    },
    {
      "fiscalDateEnding": "2012-10-31",
      "reportedCurrency": "USD",
      "grossProfit": "28412000000",
      "totalRevenue": "113929000000",
      "costOfRevenue": "85517000000",
      "costofGoodsAndServicesSold": "85517000000",
      "operatingIncome": "6116000000",
      "sellingGeneralAndAdministrative": "22296000000",
      "researchAndDevelopment": "0",
      "operatingExpenses": "22296000000",
      "investmentIncomeNet": "None",
      "netInterestIncome": "None",
      "interestIncome": "None",
      "interestExpense": "590000000",
      "nonInterestIncome": "None",
      "otherNonOperatingIncome": "None",
      "depreciation": "None",
      "depreciationAndAmortization": "2089000000",
      "incomeBeforeTax": "5569000000",
      "incomeTaxExpense": "1744000000",
      "interestAndDebtExpense": "None",
      "netIncomeFromContinuingOperations": "3825000000",
      "comprehensiveIncomeNetOfTax": "None",
      "ebit": "6119000000",
      "ebitda": "8208000000",
      "netIncome": "3635000000"
    },
    {
      "fiscalDateEnding": "2012-07-31",
      "reportedCurrency": "USD",
      "grossProfit": "28639000000",
      "totalRevenue": "114296000000",
      "costOfRevenue": "85657000000",
      "costofGoodsAndServicesSold": "85657000000",
      "operatingIncome": "6698000000",
      "sellingGeneralAndAdministrative": "21941000000",
      "researchAndDevelopment": "0",
      "operatingExpenses": "21941000000",
      "investmentIncomeNet": "None",
      "netInterestIncome": "None",
      "interestIncome": "None",
      "interestExpense": "555000000",
      "nonInterestIncome": "None",
      "otherNonOperatingIncome": "None",
      "depreciation": "None",
      "depreciationAndAmortization": "2127000000",
      "incomeBeforeTax": "6193000000",
      "incomeTaxExpense": "2032000000",
      "interestAndDebtExpense": "None",
      "netIncomeFromContinuingOperations": "4161000000",
      "comprehensiveIncomeNetOfTax": "None",
      "ebit": "6748000000",
      "ebitda": "8875000000",
      "netIncome": "4016000000"
    },
    {
      "fiscalDateEnding": "2012-04-30",
      "reportedCurrency": "USD",
      "grossProfit": "27832000000",
      "totalRevenue": "113018000000",
      "costOfRevenue": "85186000000",
      "costofGoodsAndServicesSold": "85186000000",
      "operatingIncome": "6387000000",
      "sellingGeneralAndAdministrative": "21445000000",
      "researchAndDevelopment": "0",
      "operatingExpenses": "21445000000",
      "investmentIncomeNet": "None",
      "netInterestIncome": "None",
      "interestIncome": "None",
      "interestExpense": "573000000",
      "nonInterestIncome": "None",
      "otherNonOperatingIncome": "None",
      "depreciation": "None",
      "depreciationAndAmortization": "2106000000",
      "incomeBeforeTax": "5852000000",
      "incomeTaxExpense": "1958000000",
      "interestAndDebtExpense": "None",
      "netIncomeFromContinuingOperations": "3894000000",
      "comprehensiveIncomeNetOfTax": "None",
      "ebit": "6425000000",
      "ebitda": "8531000000",
      "netIncome": "3742000000"
    },
    {
      "fiscalDateEnding": "2012-01-31",
      "reportedCurrency": "USD",
      "grossProfit": "30580000000",
      "totalRevenue": "123169000000",
      "costOfRevenue": "92589000000",
      "costofGoodsAndServicesSold": "92589000000",
      "operatingIncome": "8401000000",
      "sellingGeneralAndAdministrative": "22179000000",
      "researchAndDevelopment": "0",
      "operatingExpenses": "22179000000",
      "investmentIncomeNet": "None",
      "netInterestIncome": "None",
      "interestIncome": "None",
      "interestExpense": "560000000",
      "nonInterestIncome": "None",
      "otherNonOperatingIncome": "None",
      "depreciation": "None",
      "depreciationAndAmortization": "2063000000",
      "incomeBeforeTax": "7872000000",
      "incomeTaxExpense": "2434000000",
      "interestAndDebtExpense": "None",
      "netIncomeFromContinuingOperations": "5438000000",
      "comprehensiveIncomeNetOfTax": "None",
      "ebit": "8432000000",
      "ebitda": "10495000000",
      "netIncome": "5163000000"
    },
    {
      "fiscalDateEnding": "2011-10-31",
      "reportedCurrency": "USD",
      "grossProfit": "27635000000",
      "totalRevenue": "110226000000",
      "costOfRevenue": "82591000000",
      "costofGoodsAndServicesSold": "82591000000",
      "operatingIncome": "5878000000",
      "sellingGeneralAndAdministrative": "21757000000",
      "researchAndDevelopment": "0",
      "operatingExpenses": "21757000000",
      "investmentIncomeNet": "None",
      "netInterestIncome": "None",
      "interestIncome": "None",
      "interestExpense": "600000000",
      "nonInterestIncome": "None",
      "otherNonOperatingIncome": "None",
      "depreciation": "None",
      "depreciationAndAmortization": "2040000000",
      "incomeBeforeTax": "5343000000",
      "incomeTaxExpense": "1842000000",
      "interestAndDebtExpense": "None",
      "netIncomeFromContinuingOperations": "3501000000",
      "comprehensiveIncomeNetOfTax": "None",
      "ebit": "5943000000",
      "ebitda": "7983000000",
      "netIncome": "3336000000"
    },
    {
      "fiscalDateEnding": "2011-07-31",
      "reportedCurrency": "USD",
      "grossProfit": "27596000000",
      "totalRevenue": "109366000000",
      "costOfRevenue": "81770000000",
      "costofGoodsAndServicesSold": "81770000000",
      "operatingIncome": "6383000000",
      "sellingGeneralAndAdministrative": "21213000000",
      "researchAndDevelopment": "0",
      "operatingExpenses": "21213000000",
      "investmentIncomeNet": "None",
      "netInterestIncome": "None",
      "interestIncome": "None",
      "interestExpense": "600000000",
      "nonInterestIncome": "None",
      "otherNonOperatingIncome": "None",
      "depreciation": "None",
      "depreciationAndAmortization": "2042000000",
      "incomeBeforeTax": "5805000000",
      "incomeTaxExpense": "1868000000",
      "interestAndDebtExpense": "None",
      "netIncomeFromContinuingOperations": "3937000000",
      "comprehensiveIncomeNetOfTax": "None",
      "ebit": "6405000000",
      "ebitda": "8447000000",
      "netIncome": "3801000000"
    },
    {
      "fiscalDateEnding": "2011-04-30",
      "reportedCurrency": "USD",
      "grossProfit": "26012000000",
      "totalRevenue": "104189000000",
      "costOfRevenue": "78177000000",
      "costofGoodsAndServicesSold": "78177000000",
      "operatingIncome": "5896000000",
      "sellingGeneralAndAdministrative": "20116000000",
      "researchAndDevelopment": "0",
      "operatingExpenses": "20116000000",
      "investmentIncomeNet": "None",
      "netInterestIncome": "None",
      "interestIncome": "None",
      "interestExpense": "562000000",
      "nonInterestIncome": "None",
      "otherNonOperatingIncome": "None",
      "depreciation": "None",
      "depreciationAndAmortization": "1985000000",
      "incomeBeforeTax": "5378000000",
      "incomeTaxExpense": "1800000000",
      "interestAndDebtExpense": "None",
      "netIncomeFromContinuingOperations": "3578000000",
      "comprehensiveIncomeNetOfTax": "None",
      "ebit": "5940000000",
      "ebitda": "7925000000",
      "netIncome": "3399000000"
    },
    {
      "fiscalDateEnding": "2011-01-31",
      "reportedCurrency": "USD",
      "grossProfit": "29202000000",
      "totalRevenue": "116360000000",
      "costOfRevenue": "87158000000",
      "costofGoodsAndServicesSold": "87158000000",
      "operatingIncome": "8004000000",
      "sellingGeneralAndAdministrative": "21198000000",
      "researchAndDevelopment": "0",
      "operatingExpenses": "21198000000",
      "investmentIncomeNet": "None",
      "netInterestIncome": "None",
      "interestIncome": "None",
      "interestExpense": "572000000",
      "nonInterestIncome": "None",
      "otherNonOperatingIncome": "None",
      "depreciation": "None",
      "depreciationAndAmortization": "2006000000",
      "incomeBeforeTax": "7472000000",
      "incomeTaxExpense": "2294000000",
      "interestAndDebtExpense": "None",
      "netIncomeFromContinuingOperations": "5155000000",
      "comprehensiveIncomeNetOfTax": "None",
      "ebit": "8044000000",
      "ebitda": "10050000000",
      "netIncome": "6056000000"
    },
    {
      "fiscalDateEnding": "2010-10-31",
      "reportedCurrency": "USD",
      "grossProfit": "26046000000",
      "totalRevenue": "101952000000",
      "costOfRevenue": "75906000000",
      "costofGoodsAndServicesSold": "75906000000",
      "operatingIncome": "5611000000",
      "sellingGeneralAndAdministrative": "20435000000",
      "researchAndDevelopment": "0",
      "operatingExpenses": "20435000000",
      "investmentIncomeNet": "None",
      "netInterestIncome": "None",
      "interestIncome": "None",
      "interestExpense": "569000000",
      "nonInterestIncome": "None",
      "otherNonOperatingIncome": "None",
      "depreciation": "None",
      "depreciationAndAmortization": "1887000000",
      "incomeBeforeTax": "5095000000",
      "incomeTaxExpense": "1505000000",
      "interestAndDebtExpense": "None",
      "netIncomeFromContinuingOperations": "3590000000",
      "comprehensiveIncomeNetOfTax": "None",
      "ebit": "5664000000",
      "ebitda": "7551000000",
      "netIncome": "3436000000"
    },
    {
      "fiscalDateEnding": "2010-07-31",
      "reportedCurrency": "USD",
      "grossProfit": "26203000000",
      "totalRevenue": "103726000000",
      "costOfRevenue": "77523000000",
      "costofGoodsAndServicesSold": "77523000000",
      "operatingIncome": "6190000000",
      "sellingGeneralAndAdministrative": "20013000000",
      "researchAndDevelopment": "0",
      "operatingExpenses": "20013000000",
      "investmentIncomeNet": "None",
      "netInterestIncome": "None",
      "interestIncome": "None",
      "interestExpense": "542000000",
      "nonInterestIncome": "None",
      "otherNonOperatingIncome": "None",
      "depreciation": "None",
      "depreciationAndAmortization": "1884000000",
      "incomeBeforeTax": "5705000000",
      "incomeTaxExpense": "1958000000",
      "interestAndDebtExpense": "None",
      "netIncomeFromContinuingOperations": "3747000000",
      "comprehensiveIncomeNetOfTax": "None",
      "ebit": "6247000000",
      "ebitda": "8131000000",
      "netIncome": "3596000000"
    },
    {
      "fiscalDateEnding": "2010-04-30",
      "reportedCurrency": "USD",
      "grossProfit": "25145000000",
      "totalRevenue": "99848000000",
      "costOfRevenue": "74703000000",
      "costofGoodsAndServicesSold": "74703000000",
      "operatingIncome": "5772000000",
      "sellingGeneralAndAdministrative": "19373000000",
      "researchAndDevelopment": "0",
      "operatingExpenses": "19373000000",
      "investmentIncomeNet": "None",
      "netInterestIncome": "None",
      "interestIncome": "None",
      "interestExpense": "522000000",
      "nonInterestIncome": "None",
      "otherNonOperatingIncome": "None",
      "depreciation": "None",
      "depreciationAndAmortization": "1864000000",
      "incomeBeforeTax": "5301000000",
      "incomeTaxExpense": "1834000000",
      "interestAndDebtExpense": "None",
      "netIncomeFromContinuingOperations": "3467000000",
      "comprehensiveIncomeNetOfTax": "None",
      "ebit": "5788000000",
      "ebitda": "7652000000",
      "netIncome": "3324000000"
    },
    {
      "fiscalDateEnding": "2010-01-31",
      "reportedCurrency": "USD",
      "grossProfit": "28340000000",
      "totalRevenue": "113651000000",
      "costOfRevenue": "85311000000",
      "costofGoodsAndServicesSold": "85311000000",
      "operatingIncome": "7258000000",
      "sellingGeneralAndAdministrative": "21082000000",
      "researchAndDevelopment": "0",
      "operatingExpenses": "21082000000",
      "investmentIncomeNet": "None",
      "netInterestIncome": "None",
      "interestIncome": "None",
      "interestExpense": "522000000",
      "nonInterestIncome": "None",
      "otherNonOperatingIncome": "None",
      "depreciation": "None",
      "depreciationAndAmortization": "1902000000",
      "incomeBeforeTax": "6789000000",
      "incomeTaxExpense": "1925000000",
      "interestAndDebtExpense": "None",
      "netIncomeFromContinuingOperations": "0",
      "comprehensiveIncomeNetOfTax": "None",
      "ebit": "7311000000",
      "ebitda": "9213000000",
      "netIncome": "4632000000"
    },
    {
      "fiscalDateEnding": "2009-10-31",
      "reportedCurrency": "USD",
      "grossProfit": "25606000000",
      "totalRevenue": "99411000000",
      "costOfRevenue": "73805000000",
      "costofGoodsAndServicesSold": "73805000000",
      "operatingIncome": "5593000000",
      "sellingGeneralAndAdministrative": "20013000000",
      "researchAndDevelopment": "0",
      "operatingExpenses": "20013000000",
      "investmentIncomeNet": "None",
      "netInterestIncome": "None",
      "interestIncome": "None",
      "interestExpense": "510000000",
      "nonInterestIncome": "None",
      "otherNonOperatingIncome": "None",
      "depreciation": "None",
      "depreciationAndAmortization": "1798000000",
      "incomeBeforeTax": "5118000000",
      "incomeTaxExpense": "1758000000",
      "interestAndDebtExpense": "None",
      "netIncomeFromContinuingOperations": "3360000000",
      "comprehensiveIncomeNetOfTax": "None",
      "ebit": "5477000000",
      "ebitda": "7275000000",
      "netIncome": "3239000000"
    },
    {
      "fiscalDateEnding": "2009-07-31",
      "reportedCurrency": "USD",
      "grossProfit": "25757000000",
      "totalRevenue": "100910000000",
      "costOfRevenue": "75153000000",
      "costofGoodsAndServicesSold": "75153000000",
      "operatingIncome": "5882000000",
      "sellingGeneralAndAdministrative": "19875000000",
      "researchAndDevelopment": "0",
      "operatingExpenses": "19875000000",
      "investmentIncomeNet": "None",
      "netInterestIncome": "None",
      "interestIncome": "None",
      "interestExpense": "515000000",
      "nonInterestIncome": "None",
      "otherNonOperatingIncome": "None",
      "depreciation": "None",
      "depreciationAndAmortization": "1757000000",
      "incomeBeforeTax": "5409000000",
      "incomeTaxExpense": "1853000000",
      "interestAndDebtExpense": "None",
      "netIncomeFromContinuingOperations": "3556000000",
      "comprehensiveIncomeNetOfTax": "None",
      "ebit": "5971000000",
      "ebitda": "7728000000",
      "netIncome": "3442000000"
    },
    {
      "fiscalDateEnding": "2009-04-30",
      "reportedCurrency": "USD",
      "grossProfit": "23854000000",
      "totalRevenue": "94242000000",
      "costOfRevenue": "70388000000",
      "costofGoodsAndServicesSold": "70388000000",
      "operatingIncome": "5217000000",
      "sellingGeneralAndAdministrative": "20138000000",
      "researchAndDevelopment": "0",
      "operatingExpenses": "18637000000",
      "investmentIncomeNet": "None",
      "netInterestIncome": "None",
      "interestIncome": "None",
      "interestExpense": "518000000",
      "nonInterestIncome": "None",
      "otherNonOperatingIncome": "None",
      "depreciation": "None",
      "depreciationAndAmortization": "1700000000",
      "incomeBeforeTax": "4750000000",
      "incomeTaxExpense": "1603000000",
      "interestAndDebtExpense": "None",
      "netIncomeFromContinuingOperations": "0",
      "comprehensiveIncomeNetOfTax": "None",
      "ebit": "5268000000",
      "ebitda": "6968000000",
      "netIncome": "3022000000"
    },
    {
      "fiscalDateEnding": "2009-01-31",
      "reportedCurrency": "USD",
      "grossProfit": "26515000000",
      "totalRevenue": "109116000000",
      "costOfRevenue": "82601000000",
      "costofGoodsAndServicesSold": "82601000000",
      "operatingIncome": "6377000000",
      "sellingGeneralAndAdministrative": "20138000000",
      "researchAndDevelopment": "0",
      "operatingExpenses": "20138000000",
      "investmentIncomeNet": "None",
      "netInterestIncome": "None",
      "interestIncome": "None",
      "interestExpense": "560000000",
      "nonInterestIncome": "None",
      "otherNonOperatingIncome": "None",
      "depreciation": "None",
      "depreciationAndAmortization": "1685000000",
      "incomeBeforeTax": "5885000000",
      "incomeTaxExpense": "1959000000",
      "interestAndDebtExpense": "None",
      "netIncomeFromContinuingOperations": "0",
      "comprehensiveIncomeNetOfTax": "None",
      "ebit": "6445000000",
      "ebitda": "8130000000",
      "netIncome": "3792000000"
    },
    {
      "fiscalDateEnding": "2008-10-31",
      "reportedCurrency": "USD",
      "grossProfit": "24528000000",
      "totalRevenue": "98642000000",
      "costOfRevenue": "74114000000",
      "costofGoodsAndServicesSold": "74114000000",
      "operatingIncome": "5292000000",
      "sellingGeneralAndAdministrative": "19236000000",
      "researchAndDevelopment": "0",
      "operatingExpenses": "19236000000",
      "investmentIncomeNet": "None",
      "netInterestIncome": "None",
      "interestIncome": "None",
      "interestExpense": "537000000",
      "nonInterestIncome": "None",
      "otherNonOperatingIncome": "None",
      "depreciation": "None",
      "depreciationAndAmortization": "1688000000",
      "incomeBeforeTax": "4836000000",
      "incomeTaxExpense": "1690000000",
      "interestAndDebtExpense": "None",
      "netIncomeFromContinuingOperations": "0",
      "comprehensiveIncomeNetOfTax": "None",
      "ebit": "5373000000",
      "ebitda": "7061000000",
      "netIncome": "3138000000"
    },
    {
      "fiscalDateEnding": "2008-07-31",
      "reportedCurrency": "USD",
      "grossProfit": "25025000000",
      "totalRevenue": "102667000000",
      "costOfRevenue": "77642000000",
      "costofGoodsAndServicesSold": "77642000000",
      "operatingIncome": "5797000000",
      "sellingGeneralAndAdministrative": "19228000000",
      "researchAndDevelopment": "0",
      "operatingExpenses": "19228000000",
      "investmentIncomeNet": "None",
      "netInterestIncome": "None",
      "interestIncome": "None",
      "interestExpense": "527000000",
      "nonInterestIncome": "None",
      "otherNonOperatingIncome": "None",
      "depreciation": "None",
      "depreciationAndAmortization": "1738000000",
      "incomeBeforeTax": "5341000000",
      "incomeTaxExpense": "1826000000",
      "interestAndDebtExpense": "None",
      "netIncomeFromContinuingOperations": "0",
      "comprehensiveIncomeNetOfTax": "None",
      "ebit": "5884000000",
      "ebitda": "7622000000",
      "netIncome": "3449000000"
    },
    {
      "fiscalDateEnding": "2008-04-30",
      "reportedCurrency": "USD",
      "grossProfit": "23417000000",
      "totalRevenue": "95303000000",
      "costOfRevenue": "71886000000",
      "costofGoodsAndServicesSold": "71886000000",
      "operatingIncome": "5310000000",
      "sellingGeneralAndAdministrative": "18107000000",
      "researchAndDevelopment": "0",
      "operatingExpenses": "18107000000",
      "investmentIncomeNet": "None",
      "netInterestIncome": "None",
      "interestIncome": "None",
      "interestExpense": "560000000",
      "nonInterestIncome": "None",
      "otherNonOperatingIncome": "None",
      "depreciation": "None",
      "depreciationAndAmortization": "1628000000",
      "incomeBeforeTax": "4814000000",
      "incomeTaxExpense": "1670000000",
      "interestAndDebtExpense": "None",
      "netIncomeFromContinuingOperations": "0",
      "comprehensiveIncomeNetOfTax": "None",
      "ebit": "5381000000",
      "ebitda": "7009000000",
      "netIncome": "3022000000"
    },
    {
      "fiscalDateEnding": "2008-01-31",
      "reportedCurrency": "USD",
      "grossProfit": "26105000000",
      "totalRevenue": "107428000000",
      "costOfRevenue": "81323000000",
      "costofGoodsAndServicesSold": "81323000000",
      "operatingIncome": "6881000000",
      "sellingGeneralAndAdministrative": "19224000000",
      "researchAndDevelopment": "0",
      "operatingExpenses": "19224000000",
      "investmentIncomeNet": "None",
      "netInterestIncome": "None",
      "interestIncome": "None",
      "interestExpense": "603000000",
      "nonInterestIncome": "None",
      "otherNonOperatingIncome": "None",
      "depreciation": "None",
      "depreciationAndAmortization": "1661000000",
      "incomeBeforeTax": "6340000000",
      "incomeTaxExpense": "2143000000",
      "interestAndDebtExpense": "None",
      "netIncomeFromContinuingOperations": "0",
      "comprehensiveIncomeNetOfTax": "None",
      "ebit": "6943000000",
      "ebitda": "8604000000",
      "netIncome": "4096000000"
    },
    {
      "fiscalDateEnding": "2007-10-31",
      "reportedCurrency": "USD",
      "grossProfit": "22657000000",
      "totalRevenue": "91949000000",
      "costOfRevenue": "69292000000",
      "costofGoodsAndServicesSold": "69292000000",
      "operatingIncome": "4972000000",
      "sellingGeneralAndAdministrative": "17685000000",
      "researchAndDevelopment": "0",
      "operatingExpenses": "17685000000",
      "investmentIncomeNet": "None",
      "netInterestIncome": "None",
      "interestIncome": "None",
      "interestExpense": "537000000",
      "nonInterestIncome": "None",
      "otherNonOperatingIncome": "None",
      "depreciation": "None",
      "depreciationAndAmortization": "1596000000",
      "incomeBeforeTax": "4513000000",
      "incomeTaxExpense": "1557000000",
      "interestAndDebtExpense": "None",
      "netIncomeFromContinuingOperations": "0",
      "comprehensiveIncomeNetOfTax": "None",
      "ebit": "5038000000",
      "ebitda": "6634000000",
      "netIncome": "2857000000"
    },
    {
      "fiscalDateEnding": "2007-07-31",
      "reportedCurrency": "USD",
      "grossProfit": "22423000000",
      "totalRevenue": "93012000000",
      "costOfRevenue": "70589000000",
      "costofGoodsAndServicesSold": "70589000000",
      "operatingIncome": "5293000000",
      "sellingGeneralAndAdministrative": "17130000000",
      "researchAndDevelopment": "0",
      "operatingExpenses": "17130000000",
      "investmentIncomeNet": "None",
      "netInterestIncome": "None",
      "interestIncome": "None",
      "interestExpense": "488000000",
      "nonInterestIncome": "None",
      "otherNonOperatingIncome": "None",
      "depreciation": "None",
      "depreciationAndAmortization": "1572000000",
      "incomeBeforeTax": "4887000000",
      "incomeTaxExpense": "1676000000",
      "interestAndDebtExpense": "None",
      "netIncomeFromContinuingOperations": "0",
      "comprehensiveIncomeNetOfTax": "None",
      "ebit": "5367000000",
      "ebitda": "6939000000",
      "netIncome": "2952000000"
    },
    {
      "fiscalDateEnding": "2007-04-30",
      "reportedCurrency": "USD",
      "grossProfit": "21099000000",
      "totalRevenue": "86410000000",
      "costOfRevenue": "65311000000",
      "costofGoodsAndServicesSold": "65311000000",
      "operatingIncome": "4850000000",
      "sellingGeneralAndAdministrative": "16249000000",
      "researchAndDevelopment": "0",
      "operatingExpenses": "16249000000",
      "investmentIncomeNet": "None",
      "netInterestIncome": "None",
      "interestIncome": "None",
      "interestExpense": "475000000",
      "nonInterestIncome": "None",
      "otherNonOperatingIncome": "None",
      "depreciation": "None",
      "depreciationAndAmortization": "1488000000",
      "incomeBeforeTax": "4458000000",
      "incomeTaxExpense": "1532000000",
      "interestAndDebtExpense": "None",
      "netIncomeFromContinuingOperations": "0",
      "comprehensiveIncomeNetOfTax": "None",
      "ebit": "4933000000",
      "ebitda": "6421000000",
      "netIncome": "2826000000"
    },
    {
      "fiscalDateEnding": "2007-01-31",
      "reportedCurrency": "USD",
      "grossProfit": "23513000000",
      "totalRevenue": "99078000000",
      "costOfRevenue": "75565000000",
      "costofGoodsAndServicesSold": "75565000000",
      "operatingIncome": "6432000000",
      "sellingGeneralAndAdministrative": "17081000000",
      "researchAndDevelopment": "0",
      "operatingExpenses": "17081000000",
      "investmentIncomeNet": "None",
      "netInterestIncome": "None",
      "interestIncome": "None",
      "interestExpense": "429000000",
      "nonInterestIncome": "None",
      "otherNonOperatingIncome": "None",
      "depreciation": "None",
      "depreciationAndAmortization": "1446000000",
      "incomeBeforeTax": "6087000000",
      "incomeTaxExpense": "1977000000",
      "interestAndDebtExpense": "None",
      "netIncomeFromContinuingOperations": "0",
      "comprehensiveIncomeNetOfTax": "None",
      "ebit": "6516000000",
      "ebitda": "7962000000",
      "netIncome": "3939000000"
    },
    {
      "fiscalDateEnding": "2006-10-31",
      "reportedCurrency": "USD",
      "grossProfit": "20702000000",
      "totalRevenue": "84467000000",
      "costOfRevenue": "63765000000",
      "costofGoodsAndServicesSold": "63765000000",
      "operatingIncome": "4465000000",
      "sellingGeneralAndAdministrative": "16237000000",
      "researchAndDevelopment": "0",
      "operatingExpenses": "16237000000",
      "investmentIncomeNet": "None",
      "netInterestIncome": "None",
      "interestIncome": "None",
      "interestExpense": "489000000",
      "nonInterestIncome": "None",
      "otherNonOperatingIncome": "None",
      "depreciation": "None",
      "depreciationAndAmortization": "1371000000",
      "incomeBeforeTax": "4041000000",
      "incomeTaxExpense": "1363000000",
      "interestAndDebtExpense": "None",
      "netIncomeFromContinuingOperations": "0",
      "comprehensiveIncomeNetOfTax": "None",
      "ebit": "4530000000",
      "ebitda": "5901000000",
      "netIncome": "2647000000"
    },
    {
      "fiscalDateEnding": "2006-07-31",
      "reportedCurrency": "USD",
      "grossProfit": "20845000000",
      "totalRevenue": "85430000000",
      "costOfRevenue": "64585000000",
      "costofGoodsAndServicesSold": "64585000000",
      "operatingIncome": "5104000000",
      "sellingGeneralAndAdministrative": "15741000000",
      "researchAndDevelopment": "0",
      "operatingExpenses": "15741000000",
      "investmentIncomeNet": "None",
      "netInterestIncome": "None",
      "interestIncome": "None",
      "interestExpense": "456000000",
      "nonInterestIncome": "None",
      "otherNonOperatingIncome": "None",
      "depreciation": "None",
      "depreciationAndAmortization": "1331000000",
      "incomeBeforeTax": "4711000000",
      "incomeTaxExpense": "1636000000",
      "interestAndDebtExpense": "None",
      "netIncomeFromContinuingOperations": "0",
      "comprehensiveIncomeNetOfTax": "None",
      "ebit": "5167000000",
      "ebitda": "6498000000",
      "netIncome": "2083000000"
    },
    {
      "fiscalDateEnding": "2006-04-30",
      "reportedCurrency": "USD",
      "grossProfit": "19617000000",
      "totalRevenue": "80468000000",
      "costOfRevenue": "60851000000",
      "costofGoodsAndServicesSold": "60851000000",
      "operatingIncome": "4451000000",
      "sellingGeneralAndAdministrative": "15166000000",
      "researchAndDevelopment": "0",
      "operatingExpenses": "15166000000",
      "investmentIncomeNet": "None",
      "netInterestIncome": "None",
      "interestIncome": "None",
      "interestExpense": "437000000",
      "nonInterestIncome": "None",
      "otherNonOperatingIncome": "None",
      "depreciation": "None",
      "depreciationAndAmortization": "1311000000",
      "incomeBeforeTax": "4083000000",
      "incomeTaxExpense": "1388000000",
      "interestAndDebtExpense": "None",
      "netIncomeFromContinuingOperations": "0",
      "comprehensiveIncomeNetOfTax": "None",
      "ebit": "4546000000",
      "ebitda": "5857000000",
      "netIncome": "2615000000"
    },
    {
      "fiscalDateEnding": "2006-01-31",
      "reportedCurrency": "USD",
      "grossProfit": "21083000000",
      "totalRevenue": "90128000000",
      "costOfRevenue": "69045000000",
      "costofGoodsAndServicesSold": "69045000000",
      "operatingIncome": "5861000000",
      "sellingGeneralAndAdministrative": "15222000000",
      "researchAndDevelopment": "0",
      "operatingExpenses": "15222000000",
      "investmentIncomeNet": "None",
      "netInterestIncome": "None",
      "interestIncome": "None",
      "interestExpense": "399000000",
      "nonInterestIncome": "None",
      "otherNonOperatingIncome": "None",
      "depreciation": "None",
      "depreciationAndAmortization": "1203000000",
      "incomeBeforeTax": "5540000000",
      "incomeTaxExpense": "1834000000",
      "interestAndDebtExpense": "None",
      "netIncomeFromContinuingOperations": "0",
      "comprehensiveIncomeNetOfTax": "None",
      "ebit": "5939000000",
      "ebitda": "7142000000",
      "netIncome": "3591000000"
    },
    {
      "fiscalDateEnding": "2005-10-31",
      "reportedCurrency": "USD",
      "grossProfit": "18265000000",
      "totalRevenue": "76253000000",
      "costOfRevenue": "57988000000",
      "costofGoodsAndServicesSold": "57988000000",
      "operatingIncome": "4049000000",
      "sellingGeneralAndAdministrative": "14216000000",
      "researchAndDevelopment": "0",
      "operatingExpenses": "14216000000",
      "investmentIncomeNet": "None",
      "netInterestIncome": "None",
      "interestIncome": "None",
      "interestExpense": "408000000",
      "nonInterestIncome": "None",
      "otherNonOperatingIncome": "None",
      "depreciation": "None",
      "depreciationAndAmortization": "1204000000",
      "incomeBeforeTax": "3700000000",
      "incomeTaxExpense": "1254000000",
      "interestAndDebtExpense": "None",
      "netIncomeFromContinuingOperations": "0",
      "comprehensiveIncomeNetOfTax": "None",
      "ebit": "4125000000",
      "ebitda": "5329000000",
      "netIncome": "2374000000"
    },
    {
      "fiscalDateEnding": "2005-07-31",
      "reportedCurrency": "USD",
      "grossProfit": "18733000000",
      "totalRevenue": "77520000000",
      "costOfRevenue": "58787000000",
      "costofGoodsAndServicesSold": "58787000000",
      "operatingIncome": "4679000000",
      "sellingGeneralAndAdministrative": "14054000000",
      "researchAndDevelopment": "0",
      "operatingExpenses": "14054000000",
      "investmentIncomeNet": "None",
      "netInterestIncome": "None",
      "interestIncome": "None",
      "interestExpense": "361000000",
      "nonInterestIncome": "None",
      "otherNonOperatingIncome": "None",
      "depreciation": "None",
      "depreciationAndAmortization": "1178000000",
      "incomeBeforeTax": "4377000000",
      "incomeTaxExpense": "1503000000",
      "interestAndDebtExpense": "None",
      "netIncomeFromContinuingOperations": "0",
      "comprehensiveIncomeNetOfTax": "None",
      "ebit": "4763000000",
      "ebitda": "5941000000",
      "netIncome": "2805000000"
    },
    {
      "fiscalDateEnding": "2005-04-30",
      "reportedCurrency": "USD",
      "grossProfit": "17109000000",
      "totalRevenue": "71680000000",
      "costOfRevenue": "54571000000",
      "costofGoodsAndServicesSold": "54571000000",
      "operatingIncome": "3941000000",
      "sellingGeneralAndAdministrative": "13168000000",
      "researchAndDevelopment": "0",
      "operatingExpenses": "13168000000",
      "investmentIncomeNet": "None",
      "netInterestIncome": "None",
      "interestIncome": "None",
      "interestExpense": "252000000",
      "nonInterestIncome": "None",
      "otherNonOperatingIncome": "None",
      "depreciation": "None",
      "depreciationAndAmortization": "1132000000",
      "incomeBeforeTax": "3741000000",
      "incomeTaxExpense": "1212000000",
      "interestAndDebtExpense": "None",
      "netIncomeFromContinuingOperations": "0",
      "comprehensiveIncomeNetOfTax": "None",
      "ebit": "3993000000",
      "ebitda": "5125000000",
      "netIncome": "2461000000"
    },
    {
      "fiscalDateEnding": "2005-01-31",
      "reportedCurrency": "USD",
      "grossProfit": "19095000000",
      "totalRevenue": "82819000000",
      "costOfRevenue": "63724000000",
      "costofGoodsAndServicesSold": "63724000000",
      "operatingIncome": "5298000000",
      "sellingGeneralAndAdministrative": "13797000000",
      "researchAndDevelopment": "0",
      "operatingExpenses": "13797000000",
      "investmentIncomeNet": "None",
      "netInterestIncome": "None",
      "interestIncome": "None",
      "interestExpense": "349000000",
      "nonInterestIncome": "None",
      "otherNonOperatingIncome": "None",
      "depreciation": "None",
      "depreciationAndAmortization": "1244000000",
      "incomeBeforeTax": "5001000000",
      "incomeTaxExpense": "1736000000",
      "interestAndDebtExpense": "None",
      "netIncomeFromContinuingOperations": "0",
      "comprehensiveIncomeNetOfTax": "None",
      "ebit": "5350000000",
      "ebitda": "6594000000",
      "netIncome": "3164000000"
    }
  ]
}